3218 5172
667 371 707 434 33

140 554 217 618 Sunt
238 559 343 617 autem
366 549 484 614 multae
504 549 583 613 aliae
599 569 657 628 res,
676 569 763 632 qaae,
780 547 838 612 etsi
849 550 931 634 apud
947 549 1095 616 Ovidium
1109 571 1170 617 non
1186 559 1316 634 exstent,

59 669 159 725 tamen
178 659 260 744 apud
290 654 471 721 scholiastes
493 654 648 736 leguntur.
703 656 833 719 Eurotae
862 656 962 720 lilium
986 656 1081 722 fuisse
1105 659 1317 743 Hyacinthum

59 766 172 830 solusl
195 763 322 849 praebet
351 783 452 844 neque
481 760 563 845 apud
586 761 733 825 Ovidium
756 768 811 825 aut
830 762 928 825 aliam
949 764 1131 848 scriptorem
1153 765 1317 849 antiquum

60 873 204 938 invenies.
1174 855 1177 860 ¹

138 978 221 1054 Quod
242 977 350 1040 dieunt
372 973 410 1037 de
438 974 521 1038 floris
546 974 732 1057 incriptione
760 974 808 1038 sss
834 976 890 1054 ΙΙΙ,
907 977 964 1040 106
988 976 1158 1056 desipueris
1174 977 1318 1060 primam

59 1083 232 1168 Hyacinthi
252 1084 391 1146 litteram
413 1088 443 1144 et
467 1082 517 1143 BE
540 1082 595 1159 ΙΙΙ,
609 1081 649 1144 63
671 1081 710 1144 de
735 1082 826 1144 caiae
856 1081 1014 1146 cineribus
1032 1082 1127 1160 tiores
1151 1082 1223 1146 noti
1244 1087 1318 1146 saal

57 1200 84 1255 et
113 1191 235 1255 nornine
264 1189 331 1252 eias
371 1188 519 1272 inscripti
547 1195 636 1266 suat,
671 1187 748 1270 legis
783 1189 877 1253 etiam
912 1190 995 1274 apud
1023 1190 1248 1275 Palaephatum
1277 1192 1316 1253 47

56 1298 179 1377 λέγουσι
201 1295 231 1356 δ’
252 1290 302 1358 ὅτι
324 1295 455 1378 καὶτῆς
477 1299 693 1376 προσηγορίας
715 1294 751 1355 e'r
773 1293 903 1376 φύλλοις
924 1296 1159 1376 ἐπιγέγραπται
1179 1297 1218 1358 τὸ
1241 1317 1318 1376 προ-

54 1409 165 1484 οι’μιον.

140 1508 224 1585 Quod
246 1506 373 1590 praebet
395 1505 443 1568 SB
465 1506 522 1584 ΙΙΙ,
535 1506 574 1569 63
592 1513 624 1569 et
643 1507 681 1569 ab
706 1504 852 1590 Apolline
885 1514 916 1570 et
943 1507 1080 1570 anrea
1102 1507 1319 1592 Hyacinthum

52 1623 190 1680 amatam
213 1634 279 1677 esse
301 1612 417 1694 absque
438 1611 534 1675 Borea
568 1611 777 1689 interfectum,
800 1611 908 1675 eadem
939 1633 1004 1676 esse
1026 1612 1151 1676 videtur
1173 1613 1317 1692 narratio,

53 1743 132 1806 quae
163 1719 251 1785 nobis
282 1718 420 1803 primum
451 1717 585 1782 occurrit
614 1718 697 1801 apud
723 1718 949 1802 Palaephatum
972 1718 992 1781 l.
1016 1718 1054 1797 Ι.,
1085 1718 1147 1782 nisi
1177 1719 1259 1802 quod
1288 1727 1318 1783 et

51 1829 136 1914 apud
166 1826 391 1911 Palaephatum
421 1831 452 1887 et
482 1824 566 1908 apud
595 1845 701 1888 omnes
732 1823 868 1908 reliquos
897 1832 997 1888 exstat
1029 1847 1091 1889 non
1120 1825 1232 1890 Boreas
1264 1826 1316 1889 sed

54 1935 216 2020 Zephyrus
239 1939 366 1996 amator.

137 2041 266 2104 Aiacem
289 2037 430 2100 Hectoris
460 2035 562 2117 gladio
592 2029 791 2099 intersectum
814 2035 881 2116 (BB
904 2037 960 2113 ΙΙΙ,
977 2035 1049 2116 107)
1078 2035 1199 2121 primus
1228 2037 1318 2101 testis

45 2155 97 2212 est
124 2147 215 2232 Soph.
249 2145 336 2208 Aiac.
361 2145 429 2221 8117,
460 2143 511 2206 sed
535 2143 633 2207 violas
657 2165 694 2206 ex
716 2143 823 2206 Aiacis
845 2143 996 2226 sanguine
1019 2151 1109 2222 ortas,
1133 2144 1246 2227 quibus
1270 2144 1317 2207 in-

50 2254 201 2318 scribitur
223 2271 313 2330 aeae,
341 2269 495 2333 nusquam
525 2249 602 2313 alibi
634 2270 727 2332 quam
746 2250 876 2333 apudB
905 2271 976 2313 cum
999 2250 1158 2329 invenias,
1190 2254 1317 2314 fortasse

49 2362 202 2425 mendum
227 2368 333 2422 estex
356 2379 390 2420 ea
413 2377 445 2420 re
464 2363 608 2435 tractum,
632 2357 712 2440 quod
731 2368 851 2420 veteres
872 2357 1085 2441 Hyacinthum
1118 2359 1223 2421 florem
1246 2379 1318 2420 cum

46 2467 183 2530 diversis
205 2465 332 2528 floribus
352 2464 579 2547 comparabant.
624 2464 740 2527 Eodem
759 2464 849 2528 modo
871 2463 909 2527 de
932 2463 1078 2528 naidibus
1102 2464 1316 2548 Hyacinthum

47 2573 286 2658 deplorantibus
309 2571 392 2636 solus
415 2572 467 2634 BB
490 2571 548 2649 ΙΙΙ,
562 2570 601 2634 63
623 2570 758 2634 exhibet.

133 2679 232 2742 Vides
262 2679 361 2743 multa
386 2678 488 2741 inesse
518 2677 638 2740 l'abulae
669 2675 854 2760 Hyacinthi,
886 2698 964 2760 quae
995 2677 1054 2739 etsi
1086 2683 1205 2740 constet
1234 2676 1318 2761 apud

48 2794 175 2850 ueteres
197 2785 294 2848 relata
316 2806 390 2862 esse,
412 2791 518 2848 tamen
541 2805 578 2846 ex
595 2783 705 2846 Ouidio
728 2784 853 2847 fluxisse
876 2789 1040 2867 nequeant.
1079 2784 1145 2858 Qua
1167 2783 1204 2845 de
1226 2803 1317 2846 causa

44 2897 180 2956 l'ortasse
203 2891 327 2955 dubitas
349 2891 442 2954 etiam
476 2890 589 2968 omnia,
613 2889 890 2971 quae'scholiastis
911 2911 982 2952 cum
1006 2888 1117 2952 Ovidio
1139 2889 1317 2952 communia

42 3005 139 3076 sunt,
170 2997 244 3060 huic
273 3005 380 3080 poetae
409 2997 588 3059 attribuere.
640 2996 720 3058 Nam
751 2997 858 3057 florem
887 3015 925 3057 ex
946 2995 1054 3058 Aiacis
1084 3015 1190 3057 eruore
1214 3001 1315 3057 ortum

40 3104 130 3187 apud
154 3103 299 3185 antiquos
328 3125 398 3165 cum
423 3103 489 3166 lilio
513 3109 724 3185 comparatum
743 3121 809 3164 csse
837 3101 926 3164 vides
956 3122 994 3163 ex
1016 3102 1105 3163 Paus.
1129 3101 1153 3178 Ι,
1172 3100 1259 3178 35,3
1283 3108 1317 3162 et

41 3209 125 3292 quid
168 3209 291 3272 litterae
328 3208 496 3292 inscriptae
534 3208 745 3289 significarent
782 3208 889 3270 eadem
927 3216 1020 3290 atque
1058 3206 1206 3270 Ovidium
1239 3206 1317 3270 alios

37 3314 195 3377 retulisse
215 3314 305 3377 testis
328 3322 374 3377 est
397 3313 562 3377 scholiasta
584 3313 785 3377 Theocriteus
807 3313 845 3392 Χ,
862 3313 919 3376 128
946 3312 1006 3396 τήν
1028 3309 1191 3374 aaronem»
1212 3330 1317 3392 (γασιν
1407 3387 1409 3392 Α

38 3418 120 3479 αἰτό
150 3421 209 3479 τοῦ
229 3415 369 3498 αἱγιατος
390 3421 448 3480 τοῦ
468 3417 607 3491 Αἴαντος
628 3417 853 3500 diacoconem,
882 3420 941 3478 τοῦ
963 3419 998 3480 ἐν
1023 3422 1125 3501 Τροίᾳ
1147 3429 1316 3498 palatuar,

35 3524 102 3586 διά
132 3545 183 3584 τοι
212 3527 308 3585 τοῦτο
337 3526 422 3603 ἔχειν
444 3525 699 3605 ἐγγεγραμμένον
720 3523 763 3585 αἴ
778 3523 829 3602 αἴ,
860 3525 920 3605 την
948 3523 1052 3604 α’ρχὴι·
1073 3527 1132 3585 τοῦ
1153 3520 1317 3604 ὀνόματος

29 3633 102 3692 τοῦ
128 3627 278 3703 Αἴαντος.
363 3627 386 3714 η’
407 3631 537 3715 γραπιη
560 3631 717 3703 ιῖοἷκιι·3ος
738 3631 758 3714 ἡ
781 3633 901 3708 ἔχουσα
927 3631 962 3691 ἐν
985 3628 1088 3712 ἑαυτῇ
1107 3637 1314 3710 γεγραμμένοι

31 3734 229 3815 γράμματα
253 3734 417 3818 θρηνώδη,
441 3735 592 3818 δηλονότι
612 3738 650 3799 τό
671 3735 714 3799 αἴ
730 3736 773 3799 αἴ
777 3735 812 3818 1).

134 3843 244 3906 Restat
273 3844 357 3907 solas
388 3851 477 3928 pater
500 3844 641 3908 Oebalus.
695 3846 794 3920 Quem
817 3865 888 3907 oum
910 3843 993 3907 solus
1017 3842 1148 3906 Ovidius
1171 3844 1316 3925 praebeat

30 3970 150 4012 -ex
176 3969 237 4032 quo
260 3951 366 4014 hausit
387 3951 546 4015 Ausonius
569 3952 644 4035 Cup.
677 3972 757 4014 oruc.
788 3952 837 4013 all.
871 3973 900 4014 v.
923 3951 942 4012 9
966 3985 1007 3992 -
1034 3969 1157 4011 necesse
1185 3957 1231 4010 est
1262 3955 1317 4011 aut

116 4143 146 4210 1)
165 4143 270 4196 Primus
289 4145 368 4197 huius
394 4146 431 4196 rei
450 4146 526 4198 testis
551 4149 591 4196 est
611 4145 764 4212 Euphorion
789 4144 833 4210 (cl.
853 4144 976 4197 hleinekii
996 4145 1110 4213 Euphor.
1130 4146 1160 4196 ir.
1180 4143 1225 4210 36)
1245 4143 1316 4210 apud

25 4230 128 4284 schol.
152 4230 262 4282 Theocr.
280 4231 315 4296 X,
325 4231 359 4283 28
378 4225 408 4281 ui
435 4226 529 4289 πάθος
554 4230 604 4282 τοῦ
620 4230 740 4291 Αἴαντος
758 4227 920 4298 (inequalem,
942 4231 982 4290 εἰς
1000 4227 1015 4282 ii
1035 4228 1142 4284 ιῖιιιιΙών
1169 4227 1318 4302 Εὐφορίων

21 4311 140 4370 εἶπεν·
161 4313 307 4386 πορφυρέη
326 4309 457 4374 ὖιίκινθε.
477 4313 507 4368 σὲ
530 4315 585 4388 μὲν
603 4318 655 4388 μία
674 4316 757 4386 φιίτις
781 4315 884 4369 <toalea
900 4311 1032 4388 Ῥοιτείης
1057 4313 1197 4389 cipridem
1223 4317 1316 4370 ‹ledov-

18 4399 130 4459 πότος
151 4399 286 4453 Αἰοκίδοιι
306 4402 400 4476 εἴαρος
419 4398 570 4466 (inillam,
592 4405 758 4478 γεραμμὲιιο
779 4402 947 4458 acalciam.

1137 4501 1154 4551 3
