3218 5172
666 370 706 434 57

16 589 18 688 h
62 549 222 625 Quaeritur
244 555 350 612 utrum
373 568 444 632 pars
465 545 586 614 alienae
616 549 802 614 narrationis
824 549 970 613 immixta
997 549 1039 614 sit
1062 549 1172 614 Ouidio
1194 569 1234 611 au
1256 551 1320 610 tota

16 697 17 704 ,
61 655 181 718 aliunde
210 653 344 717 lluxerit.
399 653 650 738 Antiquissimus
679 654 865 738 scriptorum
893 654 983 717 testis
1012 662 1042 718 et
1071 656 1213 720 Moschus
1241 655 1270 733 3,
1279 655 1319 718 42

62 757 212 823 ariadnen
234 758 390 822 ἰδαίυισιν
412 761 447 821 ἐν
469 757 583 840 dynant
605 761 716 823 παῖδα
739 761 797 823 τόν
819 760 903 834 Ἀοῦς
924 757 1103 841 lucripetes
1125 763 1199 842 περὶ
1222 766 1319 841 σᾶμα

62 866 211 947 surripere
234 870 407 946 Μέμνονος
427 859 527 944 ὅρνις.
571 867 743 950 Antiquius
765 866 980 932 testimoninm
1004 868 1130 952 praebet
1152 868 1320 932 Pausanias

15 969 16 1044 1
63 975 180 1051 x,31‚6
197 973 251 1058 qui
263 973 469 1056 Polygnotum
485 993 558 1036 aves
569 972 783 1036 Memnonidas
799 972 936 1056 pinxisse
951 972 1036 1037 dicit.
1067 975 1174 1057 ltaque
1186 974 1320 1037 conicias

14 1072 16 1148 l
64 1081 119 1143 iam
143 1081 177 1143 in
199 1079 296 1164 epicis
318 1078 510 1142 carminibus
533 1079 588 1142 hac
610 1079 648 1142 de
670 1100 702 1142 re
724 1087 828 1144 actum
851 1100 925 1142 esse.
976 1080 1061 1156 Quod
1084 1081 1111 1142 si
1134 1088 1180 1142 est
1201 1102 1319 1158 verum,

14 1197 15 1202 ’
63 1186 208 1250 assentior
223 1185 389 1250 Hollandio
404 1185 615 1267 Heraeuvilgel
635 1185 667 1248 in
682 1185 737 1248 der
752 1185 964 1268 griechischen
980 1187 1177 1270 Mythologie,
1196 1187 1321 1271 Leipzig

66 1295 154 1371 1895,
186 1315 214 1377 p.
237 1295 257 1356 4
290 1314 327 1356 ex
356 1291 442 1376 epico
470 1291 607 1356 carmine
637 1292 763 1356 linxisse
785 1292 894 1368 Quinti
913 1293 1076 1376 Smyrnaei
1099 1291 1318 1378 (ll‚6‹l·2sqq.)

64 1399 275 1477 narrationem,
291 1405 431 1481 quaeest
448 1397 556 1460 eadem
577 1419 613 1460 ac
635 1396 826 1460 scholiastae.
859 1399 942 1474 Quae
964 1405 1086 1461 exstant
1102 1399 1139 1462 de
1156 1400 1318 1464 Memnone

63 1515 130 1568 suut
153 1504 293 1587 vulgaria
316 1503 368 1584 (cl.
386 1503 460 1587 epit.
477 1502 620 1587 Apollod.
642 1504 670 1581 5,
679 1501 714 1582 3)
736 1509 766 1566 et
783 1503 914 1566 redeunt
934 1504 972 1566 ad
988 1504 1113 1568 Arctini
1129 1506 1318 1590 Aethiopida

13 1619 14 1638 ¹
64 1623 184 1696 excepto
207 1611 285 1674 douo
308 1608 382 1674 vitis
404 1630 530 1686 aureae,
555 1608 637 1692 quod
658 1628 811 1691 nusquam
835 1608 913 1672 alibi
935 1609 1021 1692 legis.
1073 1612 1181 1694 ltaque
1210 1634 1319 1676 censeo

65 1727 239 1803 excerptum
273 1717 399 1801 aliquod
431 1738 469 1780 ex
498 1717 554 1780 hoc
586 1715 724 1779 carmine
754 1715 840 1802 epico
872 1717 996 1780 linxisse
1026 1716 1059 1780 in
1089 1718 1318 1802 compendium.

12 1815 13 1836 ³
65 1827 165 1910 h'eque
193 1833 299 1890 tamen
328 1823 476 1888 Ovidium
505 1821 681 1886 abhibitum
715 1844 781 1886 esse
809 1823 902 1908 plane
931 1823 1121 1887 reiciendum
1152 1833 1214 1902 est,
1246 1847 1319 1889 narn

11 1991 12 1994 ,
63 1933 139 2015 apud
177 1933 191 1996 Ι
221 1938 338 2009 exstat,
375 1929 457 2013 quod
487 1928 550 1991 nisi
580 1927 664 2012 apud
695 1927 842 1992 Ovidium
875 1929 956 2013 apud
988 1929 1147 1994 neminem
1184 1931 1318 2011 invenie,

64 2048 187 2102 matrem
211 2039 363 2102 Auroram
386 2044 518 2100 mortem
540 2035 715 2098 Memnonis
737 2036 891 2100 matutino
914 2057 980 2100 rore
1003 2038 1083 2100 llere.

143 2147 189 2209 SD
202 2147 257 2223 111,
267 2145 319 2208 63:
333 2165 405 2206 nam
418 2143 534 2206 scimus
546 2149 577 2204 et
586 2141 745 2225 Daphnen,
757 2141 890 2205 Ladonis
902 2143 1041 2206 huminis
1050 2145 1201 2209 Arcadiae
1213 2146 1320 2226 liliam,

10 2279 11 2282 ¹
64 2253 203 2317 dilectam
234 2252 273 2315 ab
295 2250 443 2334 Apolline
466 2256 496 2312 et
518 2249 630 2311 Terrae
657 2247 856 2311 miseratione
879 2248 912 2310 iu
934 2248 1057 2314 laurum
1080 2273 1319 2316 conuersum...

111 2383 248 2446 lAlll,lll
270 2380 391 2432 tabula
410 2394 494 2431 sane
513 2377 551 2428 de
570 2377 670 2428 lauro
759 2376 795 2428 lA
814 2376 905 2442 11,513

64 2470 230 2522 talisest:
253 2467 407 2536 Daphne,
427 2463 672 2528 Peneivcl,ut
921 2464 1060 2531 Daphne
1095 2466 1175 2519 lilia
1211 2468 1320 2521 hado-

9 2541 10 2578 1
65 2556 124 2608 alii
142 2557 276 2620 dicunt,
295 2553 450 2605 Ladonis
469 2551 565 2616 lilia,
708 2550 778 2616 nis,
804 2550 912 2602 fluvii
936 2551 1124 2613 Arcadiae,
1143 2559 1175 2605 et
1194 2556 1321 2608 Terrae

709 2637 791 2702 luit,
811 2653 896 2704 quae
915 2644 1107 2705 aspernata
1126 2641 1201 2693 viro
1222 2643 1321 2710 iungi

709 2738 843 2791 semper
861 2725 1050 2777 venatibus
1069 2743 1195 2793 operam
1214 2728 1321 2782 dabat.

64 2819 99 2868 ab
119 2820 283 2888 Apolline
302 2818 460 2871 adamata
479 2820 539 2868 est.
572 2832 588 2867 a
607 2831 672 2882 qua
710 2810 795 2862 hanc
815 2826 885 2862 cum
903 2811 1026 2879 Apollo
1046 2812 1245 2866 adamasset

64 2919 130 2956 curn
148 2907 316 2973 precibus
343 2909 375 2957 et
394 2903 580 2973 promissis
604 2917 672 2953 non

64 2991 670 3060 potuisset-Apollo,ntsecumcon·

64 3079 249 3143 cumberet,
292 3079 497 3146 impetrare,
539 3075 604 3126 vim
640 3074 671 3125 ei

64 3163 401 3217 adhibere'oonatus
426 3167 493 3228 est,
528 3177 671 3229 cumque
1180 3173 1213 3219 et
1237 3185 1321 3233 eam,

64 3265 128 3301 eam
163 3252 417 3318 insequeretur
450 3253 482 3300 et
518 3247 584 3299 illa
617 3247 670 3298 fu·
708 3257 743 3304 ut
768 3254 1027 3320 comprimeret,
1053 3254 1323 3322 insequeretur,

63 3337 156 3401 giens
191 3337 388 3389 defecisset
415 3336 562 3400 lassata,
589 3334 671 3385 Ter·
709 3338 770 3390 illa
795 3357 809 3390 a
837 3340 943 3391 Terra
968 3345 1074 3392 matre
1101 3343 1195 3408 petit
1220 3343 1321 3393 anxi·

63 3422 539 3492 raeimploravitauxilium.
572 3437 671 3488 quam
709 3426 806 3477 lium:
1236 3445 1321 3495 quae

63 3509 164 3562 Terra
182 3512 282 3563 hiatu
301 3510 394 3562 lacto
413 3509 547 3578 recepit
566 3513 597 3559 ct
616 3522 671 3575 pro
709 3517 855 3580 recepta
874 3511 912 3578 (a)
932 3517 1040 3564 matre
1060 3518 1125 3578 est,
1142 3531 1205 3566 nec
1224 3514 1323 3566 mullo

63 3611 97 3648 ea
117 3597 424 3661 arboremedidib‚
443 3611 529 3664 quae
547 3608 671 3662 graece
709 3604 788 3667 post
814 3599 832 3663 †
861 3601 894 3651 in
924 3599 1035 3652 locum
1064 3601 1139 3652 eius
1170 3601 1323 3652 arborem

62 3698 179 3738 nomen
221 3703 316 3738 suum
354 3685 521 3748 retinuit,
558 3681 672 3733 latine
709 3687 929 3739 laurinasci,

63 3771 182 3826 laurus
201 3774 344 3825 dicitur.
381 3772 440 3824 sed
458 3769 585 3839 Apollo
605 3785 672 3820 eam

63 3860 163 3911 etiarn
197 3864 364 3912 mutatam
392 3860 444 3911 ita
470 3857 613 3921 dilexit,
643 3859 673 3907 ut

62 3947 193 3998 tutelae
226 3962 309 3998 suae
341 3947 564 3999 adscriberet
589 3944 672 3996 9111-

62 4039 239 4102 ceretque,
272 4037 308 4085 ut
342 4037 487 4102 propter
515 4032 672 4100 ,virgini-

62 4121 162 4172 tatem
181 4124 353 4173 serratam
372 4136 508 4188 semper
534 4120 672 4172 vireret.

109 4207 151 4258 PB
170 4207 255 4272 lll,62
280 4206 396 4259 Laurum
422 4208 446 4259 ei
473 4211 575 4275 gratam
603 4207 672 4259 acci·
763 4211 806 4262 BB
825 4210 911 4274 lll,12
937 4210 1072 4278 Daphnis,
1099 4210 1234 4277 Amyclaei
1260 4210 1323 4276 filia,

62 4308 120 4358 pere
145 4295 284 4360 debemus,
310 4294 380 4362 quod
398 4295 543 4362 Daphnen,
567 4300 598 4348 ut
616 4297 674 4349 vult
711 4299 744 4350 ab
763 4296 888 4365 Apolline
908 4296 1037 4348 adamata.
1067 4313 1134 4363 quae
1149 4311 1206 4348 cum
1221 4296 1324 4363 fugeret

61 4377 214 4433 Parthenius
247 4381 276 4432 in
308 4381 457 4448 uolumine,
490 4387 560 4455 quod
589 4385 613 4437 ei
639 4386 671 4438 de
709 4386 761 4439 vim
781 4383 905 4436 amatoris
921 4383 949 4434 in
961 4382 1065 4437 laurum
1079 4399 1205 4438 conversa
1221 4387 1325 4438 est...
