3218 5172
681 355 721 418 59

51 538 124 600 duo
155 537 301 616 excerpta
329 529 490 610 invenias,
529 552 661 616 quocum
690 533 715 596 P
744 533 857 598 artiore
886 531 1012 598 vinculo
1042 532 1203 599 cohaerere
1233 535 1333 600 adhue

52 665 126 707 non
150 636 351 722 investigavi.

1 779 2 818 l
116 773 159 824 lB
179 770 254 834 X‚18
279 769 313 820 in
333 767 445 835 Cypro
464 766 680 836 insulareg-
770 768 812 821 ΙΑ
839 769 914 835 V‚72
938 769 1075 837 Myrrha
1106 769 1255 838 Cinyrae
1289 771 1333 822 ii·

53 861 169 913 navit
205 857 354 923 Cinyras
396 854 526 906 habens
568 853 681 908 liliam
719 855 783 920 lia,
814 872 885 908 cum
911 855 1110 910 adamasset
1137 861 1269 924 patrem
1302 862 1334 912 et

55 947 237 1015 Myrrham
272 942 418 995 nomine.
467 957 552 1008 quae
588 941 682 994 Solis
720 944 797 995 eins
823 959 858 996 se
885 947 1008 1011 stupro
1027 944 1332 997 nocturnishoris

1 1059 2 1094 r
55 1035 319 1086 irainamores
340 1027 462 1079 incidit
481 1028 595 1096 patrie,
615 1045 682 1080 cum
720 1030 1225 1098 captataebrietatepaterna
1251 1032 1331 1083 sub-

58 1137 131 1190 quo
166 1119 268 1171 etiarn
301 1114 501 1166 ministerio
528 1114 683 1167 nutricis
720 1116 1116 1184 iecisset‚gravidaque
1136 1116 1226 1169 deeo
1246 1121 1332 1169 esset

1 1203 2 1262 l
57 1205 270 1260 concubuit.
300 1201 683 1269 namquenutrixlllyr-
720 1204 831 1268 iacta,

1 1271 3 1396 i
57 1296 153 1346 rhae
178 1292 269 1343 dixit
296 1289 446 1356 Cinyrae
471 1303 548 1340 esse
574 1304 683 1356 quan-

58 1382 140 1432 dam
169 1376 337 1447 puellam,
360 1391 445 1444 quae
471 1375 547 1428 eius
572 1391 683 1427 amore

58 1468 249 1534 flagraret
276 1468 308 1515 et
334 1462 558 1514 concubitum
584 1466 685 1514 nocte

1 1615 2 1630 χ
58 1557 98 1606 in
119 1551 284 1606 tenebris
302 1555 449 1618 propter
473 1547 684 1600 verecundi-

1 1639 2 1694 l
59 1659 113 1694 am
145 1641 331 1706 expeteret
358 1634 577 1702 virginalem.
621 1635 685 1687 hoe

60 1729 220 1794 Cinyras
239 1724 416 1776 incitatus
434 1721 588 1774 libidine
608 1721 684 1789 pol-

59 1815 197 1867 licitus
217 1815 277 1864 est.
320 1809 467 1877 cupiens
487 1808 613 1860 deinde
632 1809 683 1860 vi·
913 1865 917 1872 Ι
973 1799 1101 1867 prodito
1120 1799 1243 1851 incesto
1264 1815 1332 1850 eum

59 1902 150 1953 dere
169 1898 290 1950 vultus
307 1895 463 1964 puellae,
482 1895 596 1948 lumen
615 1896 683 1947 ius·
721 1889 855 1954 patrem
872 1885 1119 1953 insequentem
1146 1901 1179 1938 se
1203 1886 1330 1937 stricto

60 1990 114 2041 sit
136 1983 267 2038 inferri
285 1984 463 2050 visamque
482 1981 591 2033 liliam
610 1998 683 2050 per·
720 1976 840 2043 gladio
859 1973 1015 2040 lugeret,
1035 1973 1070 2026 iu
1087 1973 1330 2024 arboremeon-

61 2074 169 2142 sequi
189 2088 261 2124 cum
280 2069 401 2138 gladio
420 2069 557 2136 coepit,
576 2069 682 2121 utin·
720 2079 822 2115 versa
842 2064 903 2113 est.

1 2151 2 2170 ¹
60 2161 265 2214 terfieeret.
328 2172 413 2224 quae
458 2154 603 2222 gravida
645 2155 683 2207 de

62 2253 169 2316 patre
190 2244 353 2311 confugit
378 2243 412 2294 in
431 2242 542 2294 silvas
561 2242 683 2310 ibique

62 2337 205 2387 mutata
233 2335 284 2383 est
303 2331 337 2381 in
356 2330 511 2382 arborem
530 2329 683 2381 nominis

61 2422 132 2473 sui.
187 2418 248 2472 sed
277 2417 448 2469 infantem
475 2420 683 2484 conceptum
836 2426 921 2478 quae
941 2426 1010 2461 oum
1030 2409 1329 2478 infantem‚quem

1 2543 2 2562 r
61 2502 549 2560 etiaminoortioeretinuit
719 2498 815 2550 intra
847 2501 983 2549 uterum
1010 2496 1198 2560 habuerat,
1226 2496 1330 2547 etiarn

720 2585 753 2635 in
773 2584 907 2636 cortice
933 2583 1122 2647 retineret,
1148 2598 1331 2650 percussa,

720 2675 755 2722 ut
775 2670 914 2738 quidam
932 2669 1071 2734 volunt,
1090 2686 1105 2720 a
1123 2668 1237 2736 patris
1254 2668 1331 2735 gla-

164 2775 196 2821 et
226 2765 445 2837 postmodum
473 2765 577 2818 dente
605 2768 682 2834 apri
720 2757 1013 2825 di0‚utquida1n‚
1039 2758 1076 2808 ab
1102 2771 1183 2824 apro
1202 2771 1329 2822 parvu-

61 2859 226 2910 excisum
247 2853 418 2906 emisitin
437 2851 553 2905 lucem.
592 2854 683 2920 quia
720 2844 786 2896 lum
832 2843 960 2908 edidit,
1005 2859 1100 2911 quem
1146 2841 1328 2893 educatum

59 2943 228 3012 nymphis
262 2940 412 2992 eductus
438 2938 573 2991 Adonis
601 2956 682 3007 cog.
720 2928 1330 2999 nymphaeAdonemapellaverunt.

60 3031 272 3082 nominatus
292 3031 351 3078 est.
394 3041 490 3092 quem
516 3027 682 3093 quiaVe-
1031 3015 1330 3068 buchenusve-

61 3133 130 3168 nus
161 3114 351 3174 adamavit,
384 3113 472 3164 Mars
503 3113 538 3163 in
564 3129 683 3181 aprum
720 3103 980 3155 hamentissime
1015 3103 1160 3166 dilexit,
1192 3106 1225 3153 et
1259 3117 1330 3154 curn

61 3201 360 3267 transfiguratus
392 3198 534 3251 occidit.
588 3216 682 3268 quem
720 3190 770 3241 ira
798 3191 919 3242 Mariis
945 3191 982 3242 ab
1006 3207 1089 3257 apro
1115 3192 1212 3241 esset
1236 3189 1331 3240 ocei-

62 3289 171 3342 multi
203 3286 433 3338 miseratione
467 3285 612 3339 Veneris
648 3289 683 3339 in
720 3292 793 3340 ⁸11⁸,
824 3277 1031 3344 sanguinem
1059 3277 1134 3328 eius
1161 3276 1272 3327 vertit
1299 3275 1334 3327 in

62 3390 179 3428 rosam
200 3388 403 3424 conversum
423 3371 554 3424 dicunt,
720 3362 858 3427 florem,
878 3363 935 3430 qui
959 3379 1130 3430 nunquam
1150 3366 1252 3414 vento
1272 3361 1331 3412 de-

720 3449 792 3500 euti
829 3448 960 3500 dicitur
1002 3451 1157 3501 arborem
1196 3464 1332 3516 quoque

719 3539 877 3602 myrtum,
904 3552 943 3587 ex
962 3552 1026 3603 qua
1045 3551 1132 3603 puer
1155 3539 1259 3586 natus
1278 3535 1331 3586 iu·

720 3625 808 3686 erat,
827 3621 962 3677 tutelae
980 3637 1062 3674 suae
1081 3621 1287 3689 adscripsit.

151 3739 197 3801 De
228 3737 354 3820 Myrrha
390 3737 465 3800 haee
500 3737 627 3800 exhibet
659 3736 789 3801 Ovidius
825 3744 898 3800 met.
931 3737 1158 3816 ntae-739:
1196 3729 1331 3821 Myrrha,

67 3845 202 3927 Cinyrae
226 3843 300 3917 filie,
323 3848 442 3928 patrem
464 3843 592 3920 amavit,
618 3843 669 3905 oui
690 3842 763 3906 vino
786 3842 871 3906 ebrio
893 3844 1001 3906 nutrix
1018 3844 1156 3927 puellam
1178 3843 1333 3927 quandam

67 3971 141 4013 oum
163 3971 198 4012 eo
221 3950 302 4013 coire
328 3948 410 4012 velle
433 3948 523 4012 dixit.
572 3949 678 4012 Prima
706 3956 794 4012 noeto
817 3971 886 4012 eum
917 3949 982 4014 lilia
1010 3972 1028 4013 a
1051 3956 1137 4036 patre
1159 3965 1333 4033 compressa

67 4056 194 4134 abisset,
218 4055 420 4138 sequentibus
439 4055 581 4119 noctibus
604 4055 786 4118 redeuntem
816 4064 903 4140 pater
925 4055 1031 4120 videre
1053 4056 1161 4140 cupiit.
1215 4054 1333 4118 Deinde

68 4185 138 4227 oum
162 4161 262 4226 taedis
282 4160 387 4225 allatis
411 4160 445 4223 in
466 4160 564 4224 filiam
586 4160 725 4243 agnitam
748 4160 887 4243 gladium
916 4161 1109 4238 strinxisset,
1140 4161 1205 4224 tilia
1228 4163 1331 4240 fugam

68 4274 136 4354 post
158 4267 283 4348 longam
305 4267 340 4329 in
361 4266 504 4330 arborem
524 4272 644 4329 mutata
660 4286 800 4350 puerum,
824 4275 965 4349 quaerat
982 4267 1117 4349 gravide,
1140 4268 1196 4330 sub
1219 4266 1331 4330 cortice

67 4371 209 4438 retinuit.
261 4373 379 4436 Natum
407 4373 534 4436 tandem
557 4372 671 4436 Naides
693 4372 903 4436 educaverunt
925 4373 1016 4456 eique
1045 4395 1158 4437 nomeu
1181 4373 1333 4438 dederunt
