3218 5172
658 383 697 447 27

68 555 213 636 sententia,
237 579 346 622 moneo
369 559 407 623 de
428 559 527 622 altera
549 579 621 625 ursa
643 562 801 645 Cynosura
823 562 1003 626 adhibuisse
1025 563 1160 628 eundem
1181 561 1312 626 scholia·

68 663 176 726 smmi}
197 665 291 742 Lare
313 667 430 729 fontem
449 665 744 746 catasterismorum,
768 689 806 732 ex
824 689 884 752 quo
900 667 991 732 lacile
1007 668 1137 734 Helicen
1160 668 1194 732 in
1216 675 1312 732 meta-

67 769 253 852 morphoseon
275 769 643 854 labulamfiimmiscuisse
666 781 766 858 potest
777 772 811 855 ¹).

140 875 589 944 Ovid.Met.111511—733:
623 879 788 960 Pentheus,
824 881 970 946 Echionis
1002 889 1033 944 et
1066 881 1189 962 Agaues
1219 881 1313 959 filius,

66 982 167 1062 iratus,
199 984 280 1067 quod
304 985 452 1064 Bacchus,
476 985 613 1050 Semeles
645 987 744 1066 filine,
767 987 935 1066 coleretur,
968 987 1060 1052 iussit
1084 985 1238 1050 Bacchum
1275 986 1313 1050 de

67 1089 235 1154 Cithaerone
247 1090 285 1154 ad
300 1111 332 1154 se
347 1090 437 1154 trahi.
454 1091 594 1170 Acoetes,
607 1112 698 1175 quem
713 1091 812 1156 solum
826 1092 946 1156 Baccho
956 1113 1015 1156 non
1030 1099 1151 1176 reperto
1160 1097 1313 1176 ceperant,

66 1202 98 1256 ut
115 1195 301 1277 gravissimis
318 1195 482 1280 suppliciis
500 1199 683 1275 alliceretur,
701 1218 821 1260 carcere
837 1197 976 1261 inclusus
995 1197 1105 1279 elingit
1121 1196 1218 1280 portis
1233 1196 1315 1260 ultro

66 1301 216 1384 patelactis
244 1301 441 1386 vinculisque
462 1302 582 1366 solutis.
626 1304 725 1379 Quam
755 1323 822 1366 ram
851 1302 1024 1366 admiratus
1053 1301 1209 1365 Pentheus
1238 1301 1314 1386 ipse,

65 1427 130 1470 cum
152 1407 183 1469 in
205 1407 420 1473 Cithaeronem
445 1417 645 1496 properasset,
676 1431 695 1472 a
717 1417 815 1472 matre
837 1410 946 1492 Agaue
975 1417 1156 1492 conspectus
1182 1429 1316 1492 sperque

64 1513 181 1576 habitus
208 1513 394 1578 dilaceratus
423 1523 478 1578 est.
524 1517 536 1578 Ι
566 1515 675 1579 eodem
707 1515 797 1580 modo
827 1523 920 1598 atque
949 1513 1080 1579 Ovidius
1112 1516 1150 1579 de
1179 1514 1316 1578 Pentheo

63 1624 152 1683 refert
167 1629 294 1704 excepta
316 1642 352 1684 ea
374 1642 415 1698 re,
438 1621 520 1704 quod
542 1620 593 1683 hic
608 1621 782 1684 Pentheum
803 1643 821 1684 a
844 1629 942 1684 matre
963 1643 1074 1705 aprum
1096 1629 1238 1705 putatum
1261 1620 1316 1682 ille

62 1731 154 1789 leram
168 1727 303 1810 praebet,
318 1727 400 1810 quod
412 1734 459 1790 est
476 1727 581 1790 minus
595 1737 736 1790 accurate
752 1734 783 1790 et
798 1727 887 1810 quasi
901 1727 1051 1791 l'ormulae
1063 1727 1161 1790 instar
1176 1727 1315 1805 dictnm3

61 1833 137 1895 hanc
167 1841 271 1896 autem
307 1853 373 1896 rem
406 1853 499 1916 supra
531 1833 757 1912 demonstravi,
797 1834 852 1916 qui
880 1834 1100 1918 compendium
1134 1832 1315 1916 composuit,

62 1941 184 2002 demum
206 1939 376 2018 induxisse,
400 1961 462 2003 non
484 1961 521 2002 ex
544 1939 681 2003 l'ontibus
703 1940 768 2003 suis
787 1941 966 2024 sumpsisse.
1009 1941 1154 2004 Ceterum
1176 1961 1238 2002 non
1260 1945 1315 2016 est,

62 2046 142 2128 quod
163 2045 301 2109 l'abulam
316 2046 355 2108 ad
372 2045 521 2109 Ovidium
542 2067 604 2109 non
625 2049 748 2124 reseras,
768 2047 835 2110 sive
854 2047 870 2109 l
891 2046 964 2108 inde
975 2045 1151 2130 sumpserit,
1175 2044 1241 2108 sive
1263 2043 1318 2126 qui

61 2151 277 2235 compendium
302 2152 483 2236 composuit,
513 2151 545 2215 id
567 2153 648 2235 quod
670 2152 750 2216 mihi
772 2153 872 2234 magis
894 2153 995 2236 placet
1017 2160 1141 2236 propter
1163 2150 1242 2214 illud
1265 2171 1316 2214 vo·

59 2258 203 2322 cabulum
227 2256 339 2338 ,l'era“.
382 2259 532 2342 Lyncum,
556 2258 702 2342 Scythiae
723 2279 837 2341 regem,
861 2279 931 2321 cum
954 2258 1191 2343 Triptolemum,
1223 2255 1317 2339 quia

59 2366 168 2428 Cerere
197 2364 375 2428 hominibus
406 2364 629 2447 agriculturam
660 2365 819 2428 ostendere
848 2364 951 2428 iussus
981 2375 1062 2443 erat,
1095 2363 1228 2447 hospitio
1250 2382 1316 2426 sus·

57 2480 183 2554 ceptum
216 2471 406 2554 invidusque
435 2471 536 2549 „tanti
558 2482 593 2534 ut
623 2471 761 2534 muneris
790 2479 896 2534 auctor
924 2472 991 2555 ipse
1020 2471 1081 2534 sit“
1110 2470 1317 2533 dormientem
1372 2489 1374 2493 ·

56 2577 230 2639 interlicere
257 2577 416 2656 voluisset,
444 2599 462 2640 a
485 2578 593 2640 Cerere
617 2577 650 2640 in
673 2575 795 2660 lyncem
818 2586 973 2641 mutatum
997 2597 1062 2640 esse
1084 2583 1114 2639 et
1136 2575 1267 2638 Ovidius
1290 2574 1317 2637 V

56 2685 219 2747 642-661
243 2683 340 2746 tradit
352 2691 383 2746 et
400 2682 451 2746 SA
468 2683 572 2762 1,323‚
595 2683 648 2746 sed
671 2683 758 2746 addit
781 2685 802 2747 S
824 2687 942 2763 „leram
958 2682 1039 2746 varii
1061 2681 1171 2745 coloris
1193 2688 1228 2743 ut
1250 2680 1316 2763 ipse

53 2789 160 2852 variae
181 2789 297 2852 mentis
319 2789 509 2852 exstiterat“.
554 2790 641 2866 Quod
663 2793 789 2854 tortasse
812 2791 879 2853 eius
899 2799 954 2867 est,
979 2797 1013 2852 ut
1042 2808 1135 2871 supra
1162 2785 1238 2863 dixi,
1262 2784 1314 2868 qui

51 2894 275 2978 compendium
299 2894 479 2979 composuit.
523 2896 607 2971 Quae
630 2894 658 2958 si
679 2895 724 2958 ita
745 2904 833 2974 sunt,
863 2917 902 2959 ex
922 2894 1034 2958 Ovidio
1064 2891 1169 2955 fabula
1190 2890 1316 2954 fluxisse

51 3007 172 3084 potest,
207 3000 256 3063 sin
289 3000 394 3064 minus
423 3023 461 3064 ex
493 3002 600 3065 eodem
631 3011 723 3085 atque
746 3001 851 3066 Ovidii
882 3006 966 3064 l'onte
995 3000 1139 3064 haustam
1160 3017 1227 3060 esse
1249 3017 1315 3060 eam

50 3126 179 3168 necesse
202 3113 257 3170 est.
1044 3097 1047 3101 ’

139 3212 329 3276 Arethusam
356 3212 490 3277 Ovidius
522 3221 595 3278 met.
626 3214 663 3288 V,
683 3213 845 3277 otu—641
884 3211 980 3275 tradit
1016 3211 1111 3275 luisse
1146 3208 1318 3292 nympham

50 3318 211 3382 Achaeae.
263 3320 378 3395 Quam,
408 3341 478 3383 cum
508 3319 672 3383 venatione
702 3322 781 3381 fessa
812 3318 846 3380 in
878 3317 999 3402 Alpheo
1029 3317 1124 3380 lluvio
1153 3316 1317 3389 lavaretur,

48 3423 104 3486 dei
128 3445 235 3488 amore
259 3425 390 3509 petitam
413 3424 529 3487 nudam
552 3425 666 3507 fugisse
689 3425 751 3501 sed,
781 3445 853 3486 cum
883 3422 937 3485 ille
959 3423 992 3485 in
1015 3421 1137 3486 Elidem
1159 3442 1226 3483 eam
1252 3440 1318 3502 per-

47 3540 248 3613 sequeretur,
279 3532 410 3596 Dianam
434 3531 591 3605 adorasse3
624 3551 813 3614 quamquam
835 3553 853 3593 a
874 3530 932 3593 dea
955 3529 1036 3592 nube
1058 3527 1201 3591 involuta
1229 3531 1318 3602 esset,

45 3638 180 3722 Alpheo
207 3660 267 3702 non
289 3645 429 3703 cessante
453 3638 625 3714 insontem
653 3641 816 3700 lormetam
838 3657 913 3700 esse.
957 3637 1037 3699 'l'um
1068 3635 1164 3697 etiarn
1187 3632 1317 3717 Alpheo,

44 3751 86 3806 ut
116 3765 154 3806 55
177 3765 250 3806 cum
270 3765 308 3808 aa
341 3745 495 3822 misceret,
526 3744 560 3807 in
590 3745 705 3806 flumen
738 3752 925 3808 commutato
945 3742 1077 3806 Dianam
1100 3741 1158 3804 sub
1179 3746 1319 3824 apertam

43 3859 173 3914 terram
202 3850 370 3914 detrusisse
392 3851 582 3914 Arethusam
615 3871 714 3933 neque
748 3851 834 3934 prius
862 3871 956 3932 quam
987 3849 1026 3912 ad
1058 3846 1220 3930 Ortygiam
1252 3865 1320 3908 eam

43 3957 211 4021 emisisse.
254 3959 394 4033 Quocum
416 3956 570 4020 consentit
591 3956 643 4019 SA
666 3956 718 4034 ΙΙΙ,
731 3957 799 4034 694,
824 3956 877 4019 sed
905 3955 1079 4018 accuratius
1101 3957 1321 4016 commemorat

40 4065 248 4129 Arethusam
274 4063 454 4147 lugientem,
488 4064 669 4148 priusquam
692 4062 726 4126 in
748 4061 890 4125 Siciliam
913 4061 1048 4138 venerit,
1079 4065 1231 4123 mutatam
1254 4078 1320 4120 esse

40 4172 69 4234 B
97 4171 177 4248 x,4
207 4171 339 4236 aliorum
371 4171 558 4234 sententiam
588 4170 713 4234 addens.
767 4168 982 4232 Narrationem
1012 4173 1042 4230 et
1073 4165 1261 4228 Arethusam
1290 4169 1321 4226 et

123 4317 154 4383 1)
177 4317 233 4370 Hoc
250 4317 302 4370 alio
321 4317 378 4370 loco
397 4317 426 4368 in
443 4317 511 4370 Icari
536 4322 562 4369 et
581 4317 707 4385 Erigones
726 4315 817 4367 fabula
842 4315 940 4368 facturn
966 4331 1023 4368 esse
1049 4314 1107 4365 volo
1127 4312 1320 4366 animadvertas

36 4405 57 4458 S
81 4409 113 4457 et
137 4405 176 4458 1ss
197 4403 265 4471 1V,t
284 4423 319 4449 =
335 4403 380 4457 PG
399 4403 471 4471 1,32.
