3218 5172
911 358 951 422 38

353 538 394 589 lA
412 536 516 602 hictu
534 537 599 588 alii
619 538 708 590 hunc
727 537 954 606 Cyparissum
972 535 1172 588 Cretensem
1191 551 1331 602 puerum
1351 537 1535 604 pulcherri-

284 640 365 674 mum
386 627 417 674 et
440 624 681 676 castissimum
700 624 812 677 fuisse
830 622 1013 689 (tradunt),
1039 639 1135 690 quern
1155 622 1292 690 quidam
1319 624 1358 675 ab
1383 623 1535 692 Apolline

284 709 451 761 nonnulli
479 726 494 761 a
522 710 679 778 Zephyro
706 716 852 763 amatum
880 709 1011 762 volunt.
1040 709 1096 776 qui
1127 724 1198 760 cum
1226 709 1429 760 castitatem
1454 726 1534 762 suam
1584 744 1585 814 y

284 796 525 862 incorruptam
550 800 670 848 tenere
696 799 857 864 cuperet,
882 793 1013 846 relicta
1038 793 1141 845 Creta
1160 793 1199 845 ad
1221 794 1534 847 Orontemiluviun
1584 821 1585 860 1

284 885 316 933 et
344 885 489 933 montem
517 881 653 934 Casium
682 882 815 934 dieitur
843 881 1050 949 pervenisse
1078 884 1182 947 atque
1210 881 1259 933 ibi
1287 881 1321 932 in
1347 897 1535 948 cypressum

284 968 439 1020 arborem
473 972 716 1034 commutatus,
751 984 838 1036 quae
874 968 976 1019 arbor
1009 967 1086 1018 ideo
1120 968 1269 1019 mortuis
1302 971 1527 1020 consecratur

284 1055 373 1123 quod
399 1070 501 1106 caesa
529 1055 632 1106 semel
658 1056 775 1107 nescit
797 1053 944 1106 renasci.

353 1193 398 1245 PG
416 1193 490 1256 11,84
509 1191 620 1254 Quidam
641 1199 745 1261 putant,
762 1199 793 1247 ut
812 1195 984 1264 Asclepiades
1004 1195 1049 1258 ait,
1069 1193 1178 1245 Boream
1197 1192 1280 1244 fuisse
1299 1191 1431 1244 Celtarum
1450 1209 1535 1260 regem.

284 1281 329 1347 qui
350 1278 430 1331 liliam
450 1279 618 1348 Cyparissam
638 1282 762 1333 amiserat
781 1286 806 1333 et
829 1298 926 1334 novum
946 1281 1046 1333 arboris
1071 1295 1155 1347 genus
1180 1279 1281 1346 primus
1307 1280 1335 1330 in
1362 1279 1462 1332 tumulo
1487 1281 1536 1331 eius

283 1366 380 1417 severit
399 1367 432 1418 ob
452 1382 561 1434 eamque
580 1383 686 1420 causam
706 1384 763 1420 esse
781 1368 930 1420 luctuosam
949 1382 1111 1434 cypressum.

367 1528 500 1592 Fabulae
522 1530 559 1593 de
572 1531 734 1614 Cyparisso
754 1531 871 1595 multae
894 1537 1025 1609 exstant,
1048 1529 1086 1592 de
1107 1529 1221 1612 quibus
1239 1528 1453 1592 deficientibus
1472 1528 1535 1591 aliis

286 1635 474 1699 testimoniis
503 1636 583 1700 nihil
605 1637 740 1721 amplius
770 1637 872 1700 dicere
901 1657 1072 1721 possumne,
1103 1657 1197 1718 quam
1219 1656 1269 1698 eas
1294 1656 1354 1698 non
1377 1657 1414 1698 ex
1436 1635 1536 1698 Ovidio

284 1749 423 1825 sumptas
445 1763 527 1806 esse:
550 1743 595 1806 IA
617 1744 673 1822 ΙΙΙ,
684 1744 753 1822 680,
777 1765 855 1827 quae
875 1743 979 1806 fabula
1001 1743 1136 1826 pertinet
1157 1741 1195 1806 ad
1218 1741 1419 1805 Antiochiam
1439 1741 1536 1825 Syriae

285 1846 373 1910 cuius
395 1856 565 1911 amatorem
587 1848 766 1932 Zephyrum
796 1849 891 1913 etiam
911 1849 991 1932 apud
1016 1849 1115 1912 Nonn.
1136 1847 1263 1930 Dionys.
1287 1847 1340 1925 XI,
1350 1847 1410 1910 364
1431 1847 1536 1931 reperi-

288 1974 366 2032 muS,
389 1953 439 2016 PG
463 1954 552 2032 11,84
575 1955 613 2017 de
636 1975 778 2038 cypresso
801 1976 839 2017 ex
860 1955 1041 2038 Cyparissae
1064 1953 1189 2017 nomine
1211 1951 1376 2036 appellata,
1404 1953 1450 2016 SC
1470 1954 1538 2030 Lib

287 2057 411 2139 (=13u
433 2058 521 2139 Lac)
550 2061 587 2123 de
610 2060 736 2124 Silvano
759 2061 916 2145 Cyparissi
938 2068 1083 2124 amatore.
1135 2060 1262 2137 Contra,
1286 2065 1321 2121 ut
1343 2079 1413 2122 cum
1435 2057 1537 2122 Ouidio

286 2173 512 2249 comparentur,
542 2167 576 2229 in
605 2188 731 2230 censum
755 2167 887 2230 veniunt
909 2166 960 2229 SA
984 2166 1117 2244 lll,680,
1140 2166 1185 2228 lA
1209 2166 1264 2242 ΙΙΙ,
1273 2165 1341 2243 680,
1365 2165 1409 2227 lA
1431 2165 1482 2242 ΙΙΙ,
1491 2165 1536 2241 64,

285 2272 336 2335 PG
355 2272 394 2350 ll,
405 2273 453 2335 84.
491 2273 545 2334 Est
564 2280 668 2335 autern
692 2272 797 2336 Ovidii
819 2273 894 2336 haec
917 2271 1004 2353 (met.
1021 2273 1058 2351 X,
1073 2268 1265 2351 ruo-142):
1289 2271 1485 2356 Cyparissum
1505 2271 1534 2332 in

284 2377 388 2440 insula
410 2379 470 2442 Cea
491 2379 530 2443 ab
550 2379 697 2463 Apolline
719 2389 858 2443 amatum
880 2379 1024 2442 habuisse
1047 2400 1173 2442 cervum
1197 2387 1403 2441 mansuetum.
1435 2379 1536 2454 Quem,

252 2519 254 2528 ·
286 2505 355 2547 cum
379 2485 454 2548 olim
475 2486 532 2548 sub
554 2485 715 2550 arboribus
738 2487 892 2550 umbrosis
912 2508 966 2570 per
988 2485 1152 2549 meridiem
1174 2484 1331 2562 dormiret,
1349 2507 1367 2547 a
1384 2484 1538 2568 Cyparisso

285 2590 482 2653 interfectum
515 2613 589 2671 esse,
620 2615 681 2676 qua
708 2615 740 2656 re
770 2600 857 2658 tanto
887 2593 989 2656 dolore
1010 2595 1156 2656 allectum
1185 2613 1250 2655 esse
1274 2592 1477 2675 Cyparissum,
1505 2597 1539 2652 ut
1589 2593 1590 2600 ’

286 2703 463 2779 contempta
484 2698 643 2781 Apollinis
664 2698 873 2762 consolatione
902 2719 1024 2781 semper
1046 2697 1134 2780 queri
1157 2705 1291 2781 cuperet.
1341 2699 1423 2761 Tum
1441 2697 1472 2759 in
1491 2718 1538 2758 ar-

287 2803 390 2865 borem
419 2825 602 2867 conversum
632 2825 715 2881 esse,
746 2805 800 2887 qui
821 2805 899 2868 alios
921 2805 1041 2886 lugeret
1063 2812 1094 2866 et
1114 2803 1236 2866 adesset
1258 2803 1442 2868 dolentibus.
1489 2801 1540 2864 SA

287 2908 342 2982 ΙΙΙ,
353 2909 413 2972 680
435 2908 582 2972 Silvanus
600 2916 718 2974 amator
735 2910 869 2973 insertus
891 2917 937 2972 est
956 2932 994 2972 ex
1013 2909 1074 2973 alia
1097 2909 1280 2988 narratione,
1306 2931 1399 2994 quam
1421 2908 1542 2994 praebet

285 3012 335 3075 SG
356 3015 439 3091 Lao.
489 3015 620 3100 Telephi
649 3015 750 3078 filium
780 3017 874 3079 luisse
898 3015 1098 3099 Cyparissum
1120 3017 1255 3100 pertinet
1276 3016 1316 3079 ad
1338 3015 1468 3099 Mysiam
1489 3012 1542 3094 (cs.

285 3120 547 3184 Preller-Robert
569 3122 620 3184 Gr.
643 3122 741 3205 hlyth.
773 3123 837 3206 lp.
861 3122 973 3201 wlsi)
1003 3129 1042 3200 et,
1074 3143 1145 3185 cum
1173 3123 1254 3206 apud
1285 3122 1434 3186 Ovidium
1461 3121 1542 3202 legas

288 3225 390 3306 Ceam,
408 3227 535 3290 aliunde
552 3228 608 3292 hoc
623 3229 805 3293 immixtum
820 3250 886 3292 esse
902 3251 1024 3292 necesse
1041 3236 1095 3292 est.
1140 3230 1163 3291 P
1179 3229 1323 3307 narratio,
1346 3229 1544 3313 Cyparissum

285 3333 390 3397 inedia
412 3355 444 3396 se
466 3356 589 3398 necasse
612 3343 641 3398 et
663 3336 702 3399 ab
724 3336 871 3420 Apolline
893 3336 927 3398 in
955 3335 1052 3398 vitam
1079 3336 1214 3399 revocari
1236 3358 1298 3400 non
1321 3336 1463 3420 potuisse,
1491 3336 1544 3398 ab·

286 3439 389 3503 horret
410 3440 449 3503 ab
472 3440 599 3521 Ovidi03
628 3463 706 3525 qnae
735 3449 854 3505 restant
882 3441 933 3505 SA
956 3443 1003 3504 lli
1025 3442 1094 3518 680,
1117 3443 1162 3504 lA
1184 3443 1300 3520 illst,
1324 3443 1376 3505 PG
1398 3442 1485 3520 11‚84
1509 3463 1547 3504 ex

287 3545 397 3610 Ouidio
420 3547 469 3611 vel
492 3570 529 3610 ex
550 3549 616 3612 eius
639 3554 721 3613 l'onte
738 3549 863 3612 fluxisse
886 3555 1022 3632 possunt.
1056 3550 1140 3625 Quod
1158 3548 1330 3612 immiscuit
1353 3549 1398 3611 ΙΑ
1421 3549 1475 3626 lli,
1486 3549 1548 3612 680

286 3653 325 3716 ad
348 3653 495 3718 Ovidium
518 3655 619 3718 redire
641 3655 759 3739 nequit,
781 3675 969 3738 quamquam
992 3655 1092 3738 primo
1116 3656 1226 3718 obtutu
1248 3655 1291 3717 sic
1313 3653 1414 3717 videri
1436 3661 1548 3737 potest.

286 3760 386 3822 immo
404 3770 478 3844 puto
493 3761 605 3824 mendo
620 3769 775 3825 contracto
799 3761 880 3824 hunc
899 3761 931 3824 in
950 3760 1050 3823 locum
1067 3761 1218 3824 invasisse
1235 3759 1403 3844 particulas
1425 3760 1551 3823 fabulae

285 3865 323 3928 de
345 3867 489 3930 Procride
511 3875 542 3930 et
563 3868 706 3952 Cephalo,
727 3868 829 3952 qualis
843 3867 926 3951 apud
948 3867 1096 3931 Ovidium
1112 3874 1254 3931 narratur
1269 3865 1455 3949 qualemque
1480 3866 1551 3930 Ser-

286 3972 357 4036 vius
381 3973 447 4056 ipse
470 3975 595 4058 praebet
616 3976 646 4038 A
669 3977 722 4052 Vl,
732 3976 802 4038 445.

369 4103 428 4167 Sed
452 4104 629 4168 etiamalio
651 4105 740 4168 modo
761 4125 810 4167 res
832 4103 982 4187 explicari
1003 4110 1111 4187 potest.
1146 4102 1180 4165 Si
1203 4102 1338 4165 fabulam
1362 4101 1555 4166 Ovidianam

287 4209 470 4294 perlegeris,
512 4231 674 4294 cognosces
710 4231 772 4273 non
805 4218 885 4272 recto
922 4209 984 4272 talo
1016 4218 1097 4272 stare
1132 4227 1238 4272 versus
1267 4209 1304 4286 X,
1318 4209 1376 4272 rie
1409 4228 1556 4292 quaeque

286 4322 472 4397 sequuntur:
