3218 5172
898 347 938 410 60

288 523 434 588 Adonidi.
476 524 627 599 Quicum
651 547 668 587 a
690 526 810 588 Venere
833 532 1004 601 amaretur,
1028 524 1067 586 ab
1088 548 1162 610 apro
1189 534 1316 592 necatus
1338 537 1400 606 est,
1431 530 1484 592 sed
1512 552 1554 594 ex

288 629 438 707 sanguine
461 635 551 692 natus
574 629 628 692 llos
646 649 737 713 quern
762 631 848 692 venti
870 630 1041 692 excutiunt.
1086 632 1204 707 Quibus
1227 633 1318 697 rebus
1342 636 1385 697 lA
1410 637 1446 713 V,
1455 637 1495 698 72
1519 645 1554 699 et

287 738 312 800 B
335 737 372 812 X,
387 737 422 799 18
443 757 515 798 cum
533 735 590 798 hac
613 736 789 799 narratione
806 736 1009 815 consentiant,
1032 759 1201 822 apponam:
1224 741 1384 823 Myrrham
1400 742 1552 825 Cinyram

287 851 405 926 patrem
427 861 547 904 amasse
568 847 599 903 et
622 862 675 924 per
697 842 851 904 nutricem
874 863 944 905 cum
975 863 1009 907 eo
1039 844 1123 908 ebrio
1152 847 1363 910 concubuisse.
1414 849 1553 911 Lumine

285 948 379 1012 allato
403 969 472 1010 cum
504 954 591 1030 pater
621 947 716 1010 filiam
748 947 850 1030 gladio
874 948 1092 1012 interfecturus
1112 958 1207 1029 esset,
1239 952 1397 1034 Myrrham
1429 954 1552 1036 fugisse

286 1062 316 1118 et
337 1041 488 1116 mutatam
512 1073 586 1115 esse.
631 1054 785 1116 lnlantem
809 1075 846 1117 ex
869 1054 981 1118 cortice
1004 1055 1144 1136 genitum
1166 1078 1184 1119 a
1206 1057 1359 1122 Naidibus
1381 1059 1551 1123 educatum

285 1180 350 1222 esse
373 1168 412 1237 et,
436 1181 506 1222 cum
530 1159 723 1238 adolevisset,
748 1183 765 1224 a
788 1162 909 1224 Venere
930 1169 1068 1225 amatum
1092 1163 1131 1226 ab
1152 1184 1226 1247 apro
1248 1165 1446 1229 interfectum
1469 1189 1548 1231 esse.

285 1267 397 1329 Contra
427 1287 504 1348 quae
528 1265 654 1349 insuper
681 1266 787 1329 addita
810 1276 898 1345 sunt,
932 1267 1022 1331 haec:
1046 1269 1071 1332 B
1094 1269 1132 1346 X,
1146 1270 1182 1332 l8
1205 1269 1252 1333 ira
1283 1270 1363 1334 Solis
1385 1273 1549 1356 Myrrham

285 1371 432 1434 incidisse
462 1372 495 1434 in
525 1372 621 1455 patris
651 1393 803 1450 amorem,
841 1374 866 1436 B
896 1374 933 1452 X,
948 1374 983 1437 18
1012 1380 1043 1436 et
1071 1376 1101 1437 A
1131 1375 1217 1451 V,72
1241 1377 1381 1440 arborem
1411 1400 1429 1441 a
1458 1385 1549 1462 patre

284 1479 386 1560 gladio
416 1479 465 1541 vel
489 1479 529 1542 ab
557 1499 630 1562 apro
654 1477 815 1541 discissam
839 1499 970 1562 puerum
997 1479 1146 1557 edidisse,
1176 1480 1262 1560 ΒΧ,
1275 1482 1311 1545 18
1339 1482 1475 1546 Adonim
1506 1485 1549 1546 ab

284 1586 381 1648 Marte
404 1585 437 1648 in
458 1607 567 1669 aprum
590 1590 795 1661 commutata,
818 1585 846 1646 A
868 1585 905 1663 V,
916 1585 955 1647 72
977 1585 1016 1647 ab
1035 1607 1109 1668 apro
1132 1586 1177 1648 ira
1200 1587 1307 1650 Martis
1330 1588 1424 1652 misso
1449 1590 1548 1652 inter·

283 1694 399 1755 lectum
422 1712 495 1768 esse,
519 1691 544 1753 B
567 1691 604 1768 X,
618 1691 654 1754 18
676 1690 813 1754 Adonim
836 1690 869 1754 in
891 1711 992 1754 rosam
1014 1692 1121 1754 florem
1145 1700 1300 1756 mutatum
1322 1715 1396 1757 esse.

366 1797 471 1861 Ovidii
500 1797 648 1878 Cinyram
677 1805 796 1880 patrem
827 1796 904 1879 legis
932 1798 1015 1882 apud
1044 1799 1123 1881 Hyg.
1148 1799 1207 1862 fab.
1230 1800 1270 1863 58
1300 1805 1330 1863 et
1358 1801 1440 1884 apud
1461 1803 1546 1864 anti-

283 1904 468 1986 quissimum
492 1911 602 1966 testem
620 1902 780 1966 Platonem
804 1903 956 1966 comicum
980 1901 1075 1988 (apud
1091 1904 1290 1968 Athenaeum
1305 1905 1342 1984 X,
1352 1904 1436 1986 456),
1459 1908 1546 1990 Myr-

284 2011 373 2072 rham
391 2010 487 2072 liliam
505 2010 586 2094 apud
602 2009 696 2073 schol.
714 2009 839 2073 Theocr.
857 2011 880 2087 l,
894 2011 959 2087 107,
985 2032 1038 2094 per
1057 2011 1211 2074 nutricem
1227 2012 1427 2076 concubuisse
1444 2013 1545 2076 filiam

283 2138 354 2179 cum
384 2124 471 2199 patre
499 2116 581 2198 apud
612 2117 690 2199 Hyg.
715 2116 774 2179 lab.
797 2116 837 2179 58
859 2129 889 2178 et
912 2117 1025 2180 Anton.
1053 2117 1120 2179 Lib.
1143 2117 1199 2195 34,
1227 2125 1345 2201 patrem
1369 2118 1546 2183 luminibus

282 2221 388 2284 allatis
410 2222 512 2302 gladio
532 2222 638 2284 stricto
653 2221 750 2284 filiam
768 2230 962 2306 persecutum
977 2223 1058 2306 apud
1075 2221 1269 2287 Theodorum
1285 2221 1381 2308 (apud
1402 2225 1450 2287 Ps.
1468 2225 1544 2289 Plu-

281 2328 377 2391 tarch.
391 2328 501 2392 Parall.
514 2329 589 2392 min.
603 2327 665 2407 22).
678 2327 814 2392 Adonim
827 2329 865 2391 ab
876 2350 949 2412 apro
963 2328 1162 2392 interfectum
1174 2329 1267 2392 habes
1284 2331 1541 2414 antiquissimum

282 2442 393 2497 testem
406 2435 605 2498 Theocritum
623 2435 672 2499 30.
703 2435 827 2498 Patrem
843 2435 964 2498 ebrium
981 2435 1064 2498 solus
1080 2436 1210 2499 Ovidius
1225 2437 1323 2500 tradit
1338 2445 1471 2521 excepto,
1486 2439 1544 2521 qui

281 2549 386 2625 postea
397 2541 485 2620 vixit,
498 2541 660 2624 Fulgentio
671 2541 768 2624 myth.
778 2542 833 2619 lll,
843 2541 871 2619 8,
885 2541 1029 2625 idemque
1038 2542 1174 2604 Adonim
1185 2542 1365 2606 aNaidibus
1376 2543 1545 2608 educatum

280 2668 354 2709 esse.
385 2648 493 2729 ltaque
509 2647 620 2710 iterum
638 2669 675 2710 ex
688 2647 798 2710 Ovidio
812 2647 862 2710 vel
878 2669 916 2710 ex
931 2648 997 2710 eius
1015 2651 1106 2713 l'onte.
1120 2669 1213 2730 quem
1229 2649 1328 2713 Greve
1345 2649 1381 2712 de
1397 2650 1544 2713 Adonide

279 2753 400 2815 dissert.
428 2752 507 2836 lrips.
538 2753 613 2816 1877
637 2754 701 2838 p.8
724 2754 872 2817 Nicandri
898 2754 1157 2818 Heteroioumena
1179 2775 1245 2818 esse
1262 2755 1374 2834 docuit,
1398 2757 1545 2820 concedis

280 2859 406 2923 fluxisse
429 2858 462 2922 in
484 2859 711 2944 compendium.
763 2862 846 2937 Quae
873 2882 934 2925 non
957 2869 1079 2924 exstant
1100 2861 1183 2945 apud
1205 2861 1369 2940 Ovidium,
1392 2862 1430 2926 ab
1451 2871 1544 2947 patre

279 2967 420 3030 arborem
444 2985 619 3048 percussam
640 2966 773 3030 edidisse
795 2967 941 3046 Adonim,
963 2967 1044 3052 apud
1067 2967 1153 3049 Fulg.
1178 2968 1276 3051 myth.
1300 2969 1384 3046 lll,8
1405 2969 1543 3048 invenie,

279 3072 476 3136 intersectum
501 3093 566 3134 esse
588 3073 635 3136 ira
647 3074 754 3136 Martis
776 3074 814 3137 ab
836 3096 909 3158 apro
931 3075 1013 3158 apud
1035 3075 1136 3137 Tnetz.
1154 3075 1226 3157 Lyc.
1244 3075 1314 3154 831,
1337 3076 1376 3138 ab
1386 3077 1484 3138 Marte
1507 3076 1546 3139 in

278 3201 387 3263 aprum
417 3201 562 3243 converso
592 3180 674 3262 apud
703 3181 836 3242 eundem
860 3181 1003 3243 Tzetzem
1026 3189 1056 3244 et
1078 3181 1171 3244 schol.
1196 3182 1323 3246 Theocr.
1347 3182 1469 3260 nucu,
1502 3204 1545 3246 ex

279 3285 428 3366 sanguine
444 3307 526 3348 rosas
543 3293 624 3349 ortas
640 3286 777 3369 primum
793 3287 873 3371 apud
894 3287 1024 3350 Bionem
1040 3288 1084 3351 ld.
1109 3289 1181 3365 [aa
1193 3287 1275 3351 —id
1297 3288 1379 3371 quod
1400 3290 1415 3352 l
1434 3289 1545 3353 minus

276 3401 416 3454 accurate
439 3391 610 3454 reddidisse
633 3413 741 3456 censeo
764 3393 866 3476 ipsum
885 3393 1021 3456 Adonim
1046 3393 1079 3456 in
1102 3415 1203 3457 rosam
1225 3402 1382 3458 mutatum
1404 3415 1469 3458 esse
1492 3395 1544 3458 di-

277 3506 407 3561 centem.
459 3497 539 3561 Solis
569 3499 616 3562 ira
639 3499 797 3582 Myrrham
828 3499 974 3562 incidisse
1005 3499 1038 3562 iu
1066 3500 1162 3583 patris
1184 3522 1321 3565 amorem
1350 3508 1380 3563 et
1400 3500 1544 3564 Adonim

275 3604 382 3668 arbore
405 3617 502 3667 matre
526 3626 668 3688 percussa
689 3606 729 3668 ab
750 3627 823 3689 apro
844 3613 952 3670 natum
976 3605 1059 3669 solus
1082 3607 1097 3669 l
1119 3607 1253 3670 exhibet.

329 3713 331 3716 ’
359 3711 441 3773 Num
462 3711 598 3774 Narcissi
616 3713 720 3774 l'ahula
737 3713 889 3776 Ouidiana
907 3711 1215 3793 (111‚339-510)in
1232 3716 1315 3776 sonte
1330 3734 1348 3776 a
1362 3710 1544 3776 scholiastis

274 3817 415 3880 adhibito
444 3817 600 3881 exstiterit
630 3819 784 3882 incertum
814 3824 860 3880 est
889 3820 1058 3900 eodemque
1088 3819 1178 3883 modo
1208 3840 1286 3882 num
1308 3818 1355 3881 SB
1378 3818 1466 3896 ss,47
1498 3821 1542 3883 ad

275 3923 421 3987 Ovidium
437 3925 615 4008 respexerit.
650 3923 710 3987 Sed
732 3923 900 4006 vestigium
915 3923 1020 3987 Ovidii
1037 3932 1138 4006 exstat
1157 3924 1240 4008 apud
1255 3925 1307 3988 BB
1327 3921 1459 4002 11‚471)‚
1483 3925 1545 4007 qui

344 4113 369 4180 l)
388 4115 481 4166 Mirum
507 4115 535 4166 in
554 4114 659 4166 modurn
679 4131 852 4183 quaecunque
872 4114 973 4166 scholia
997 4114 1018 4165 B
1039 4114 1167 4181 ampliora
1185 4116 1311 4167 exhibent
1330 4113 1439 4182 reliquis
1458 4114 1542 4166 scho-

273 4201 367 4252 liomm
386 4202 540 4268 corporibus
561 4231 592 4237 -
613 4218 680 4268 quae
700 4203 804 4269 quidem
830 4218 910 4254 sensu
931 4216 1006 4252 cassa
1030 4217 1084 4253 uon
1104 4206 1218 4254 sunt-
1237 4202 1326 4253 omnia
1345 4201 1424 4252 ctiam
1450 4199 1480 4250 in
1500 4201 1543 4252 eis

273 4287 446 4354 scriptoribus
466 4286 598 4354 leguntur,
618 4289 662 4355 qui
682 4291 794 4339 aetatem
813 4288 940 4351 tulerunt,
960 4303 1018 4338 cum
1038 4287 1174 4354 ereliquis
1190 4287 1340 4339 scholiastis
1354 4301 1423 4337 uuus
1437 4285 1543 4340 alterve

271 4372 399 4426 nonnulla
418 4373 519 4440 tradat,
545 4391 611 4445 quae
637 4374 687 4428 etsi
713 4374 785 4426 credi
803 4374 922 4442 possint,
947 4376 1036 4426 tamen
1061 4389 1146 4442 neque
1172 4373 1244 4442 apud
1265 4374 1345 4426 alium
1365 4370 1542 4425 scholiastam
