3218 5172
883 336 923 398 26

272 513 400 598 quidem
431 514 641 578 narrationem
669 514 702 578 in
734 516 852 577 sontem
882 511 1065 576 scholiastae
1094 508 1142 591 <id
1172 510 1274 575 estin
1297 511 1533 595 compendium)

272 619 398 684 fluxisse
421 641 562 684 censeam
584 642 622 684 ex
644 619 755 684 Ouidio
777 619 860 703 ipso,
891 618 1073 703 praesertim
1097 637 1170 680 cum
1191 616 1321 682 Ouidius
1343 617 1456 682 diserte
1477 639 1534 682 uo

272 734 418 896 mlsselgle·
445 831 572 902 Callisto
605 831 679 894 haec
709 837 813 894 narret
836 829 966 892 Ovidius
998 834 1071 892 met.
1105 827 1354 892 111401—530:
1393 827 1534 907 Callisto,

270 938 422 1021 Lycaonis
449 937 516 1002 lilia
540 944 571 1000 et
593 937 710 1000 Dianae
738 957 848 1014 comes,
879 955 950 998 cum
979 934 1099 1013 aloue,
1131 933 1184 1017 qui
1208 934 1319 998 faciem
1341 934 1460 998 Dianae
1481 934 1536 998 in-

270 1045 387 1123 dueret,
414 1063 589 1128 compresse
604 1041 706 1105 filium
722 1042 901 1126 peperisset,
925 1041 1076 1105 elunone
1097 1040 1131 1103 in
1148 1060 1253 1104 ursam
1265 1047 1453 1104 commutata
1474 1047 1536 1104 est.

270 1153 369 1227 Quem
393 1172 465 1214 cum
487 1149 572 1213 filius
594 1149 692 1212 Arcas
721 1169 838 1212 venans
868 1147 934 1231 ipse
963 1146 1025 1211 telo
1048 1146 1228 1229 transfigere
1249 1144 1539 1230 uellet,},luppiter

269 1253 426 1336 liliumlet
451 1263 582 1324 matrem
613 1255 694 1318 inter
722 1253 823 1317 sidera
851 1252 963 1338 posuit.
1007 1255 1073 1329 Oua
1097 1273 1130 1315 rc
1153 1251 1232 1315 irata
1254 1252 1331 1316 luno
1353 1251 1476 1334 Tethyn
1503 1261 1539 1316 et

272 1362 437 1440 Oceanum,
456 1383 586 1445 quorum
604 1369 669 1424 erat
684 1360 819 1439 alumna,
841 1381 879 1423 ne
896 1359 930 1423 in
946 1381 1030 1423 mere
1045 1359 1265 1444 reciperentur,
1281 1357 1389 1421 orauit.
1420 1357 1539 1422 Totam

270 1467 349 1530 hanc
380 1467 516 1530 fabulam
544 1466 638 1530 habes
666 1466 748 1549 apud
777 1466 823 1528 ΙΑ
853 1467 877 1542 l,
887 1466 948 1528 744
977 1473 1008 1528 et
1038 1464 1063 1526 G
1095 1465 1119 1543 l,
1130 1465 1168 1528 67
1191 1471 1222 1527 et
1252 1464 1335 1548 apud
1353 1463 1405 1528 PG
1426 1465 1450 1541 l,
1461 1463 1538 1542 138,

271 1572 357 1635 deest
382 1572 465 1636 louis
495 1574 528 1637 in
551 1572 684 1637 Dianam
707 1571 866 1636 conversio
898 1579 929 1634 ct
956 1591 1035 1654 quae
1056 1571 1096 1634 ad
1119 1570 1272 1634 Arcadem
1296 1570 1452 1654 pertinent
1483 1570 1540 1632 SG

272 1679 295 1756 l,
310 1679 376 1742 138.
407 1681 557 1743 lunonem
580 1699 681 1744 orasse
703 1678 826 1761 Tethyn
849 1678 1001 1741 nutricem
1024 1677 1126 1740 solum
1147 1677 1229 1762 apud
1251 1676 1300 1740 SG
1315 1677 1339 1746 1.
1349 1678 1410 1740 246
1430 1684 1541 1740 exstet

270 1792 301 1848 et
328 1785 409 1869 apud
433 1785 643 1850 Gaudentium
665 1785 719 1849 BG
741 1784 835 1863 uelo
857 1784 973 1848 additis
996 1784 1099 1848 uerbis
1121 1804 1251 1848 oaorem
1274 1781 1399 1847 Oceani.
1441 1783 1539 1848 Hanc

272 1890 310 1953 de
333 1891 434 1974 Tethy
460 1889 668 1955 narrationem
690 1889 841 1954 hlaassius
863 1889 882 1953 l.
906 1889 926 1952 l.
948 1911 985 1953 ex
1007 1888 1104 1953 latino
1133 1889 1249 1974 epyllio
1279 1897 1436 1974 sumptam
1461 1911 1540 1954 esse

271 1996 377 2060 credit.
422 1998 487 2073 Qua
508 2017 541 2058 re
567 1997 600 2060 in
622 1996 726 2060 medio
747 1996 856 2059 relicta
877 1995 965 2060 uides
979 2002 1033 2058 eut
1054 1993 1239 2078 (Hyginum,
1260 1996 1343 2080 apud
1363 2016 1453 2080 quem
1477 2018 1540 2060 ex-

270 2110 354 2166 stant
375 2102 424 2166 illi
447 2121 554 2165 uersus
577 2101 686 2186 epyllii
716 2098 760 2181 et)
784 2101 932 2166 Ouidium
955 2107 986 2164 et
1008 2100 1189 2165 scholiastes
1210 2100 1311 2164 redire
1334 2101 1373 2164 ed
1395 2102 1539 2165 eundem

272 2213 388 2273 l'ontenr
410 2215 465 2271 aut
487 2207 568 2291 quod
590 2208 738 2291 praebent
755 2207 937 2270 scholiastae
955 2207 1135 2291 decerptum
1161 2227 1227 2270 esse
1248 2229 1287 2271 ex
1304 2206 1423 2272 Ouidio.

353 2315 499 2399 Reliquas
522 2313 706 2378 narrationis
735 2311 904 2396 particulas
924 2333 1112 2395 quemquam
1131 2313 1228 2398 Frena
1244 2314 1347 2398 Leipz.
1366 2313 1452 2378 stud.
1468 2315 1540 2379 Xll

275 2422 354 2486 1890
375 2441 490 2499 omnes,
530 2439 730 2504 quaecunque
751 2418 832 2502 apud
856 2418 1003 2483 Ouidium
1041 2426 1072 2482 et
1102 2419 1282 2485 scholiastes
1312 2421 1538 2501 inueniuntur,

271 2528 365 2590 evicit
388 2527 451 2592 iam
479 2527 559 2611 apud
582 2526 811 2590 Alexandrinos
840 2525 1011 2604 exstitisse,
1043 2533 1149 2590 tamen
1172 2527 1350 2591 mirandum
1373 2535 1472 2606 essct,
1508 2529 1541 2592 si

268 2633 451 2698 scholiastae
498 2633 624 2717 aliquod
663 2632 882 2718 compendium
921 2631 1166 2714 mythologicum
1209 2642 1409 2718 excerpentes
1441 2633 1542 2699 idem

267 2741 485 2824 sumpsissent,
516 2741 682 2823 quodiam
705 2738 1102 2824 epudOuidiumlcgitur.
1156 2740 1286 2805 Accedit
1317 2741 1400 2824 quod
1428 2741 1543 2805 Arcas

196 2853 203 2864 '
269 2857 402 2910 matrem
435 2847 655 2910 interfecturus
688 2854 809 2931 praeter
837 2845 1019 2909 scholiastes
1050 2846 1089 2910 ab
1112 2845 1222 2910 Ouidio
1252 2847 1314 2911 solo
1337 2846 1542 2912 nominetur.

268 2955 376 3036 ltaque
390 2961 445 3017 aut
459 2953 632 3018 sententiae
649 2953 672 3017 F
674 2953 772 3018 ranzii
784 2952 880 3036 (apud
892 2952 1081 3017 Roscherum
1093 2953 1223 3035 mythol.
1233 2953 1335 3016 lexic.
1349 2974 1377 3037 p.
1390 2953 1465 3033 933,
1477 2955 1545 3037 32)

267 3060 447 3124 assentiaris
464 3060 645 3125 scholiastes
655 3082 693 3124 ex
706 3061 817 3124 Ouidio
834 3060 884 3123 ucl
896 3059 1021 3144 ipsouel
1037 3059 1142 3143 aliquo
1158 3060 1369 3124 intercedente
1388 3060 1548 3126 hausisse

266 3173 321 3230 aut
342 3187 466 3229 censeas
488 3167 594 3231 eodem
617 3167 799 3251 compendio
830 3166 1037 3250 mythologice
1067 3175 1097 3230 et
1122 3166 1270 3231 Ouidium
1293 3173 1324 3230 et
1345 3166 1550 3232 scholiastes

266 3293 337 3336 usos
360 3294 425 3336 esse
440 3271 471 3353 ¹).
516 3273 616 3337 Priori
639 3273 812 3336 sententiae
834 3294 1004 3356 repugnare
1027 3273 1151 3337 uidetur
1165 3272 1217 3335 PG
1239 3274 1262 3351 I,
1275 3271 1342 3350 138,
1366 3272 1430 3356 qui,
1459 3295 1549 3339 cum
1601 3297 1602 3300 ¹

267 3379 361 3442 ceteri
383 3379 565 3444 scholiastae
587 3380 625 3442 de
653 3379 710 3442 hec
739 3400 772 3442 re
802 3386 933 3457 taceant,
966 3378 1168 3443 Callistonem
1188 3379 1349 3462 grauidam
1372 3385 1552 3446 mutatam
1601 3457 1602 3472 χ

267 3507 332 3550 esse
353 3485 449 3549 tradit
471 3493 577 3550 contra
589 3485 746 3564 Ouidium,
770 3486 824 3568 qui
845 3493 977 3549 matrem
1000 3494 1069 3571 post
1086 3507 1217 3571 puerum
1230 3485 1350 3550 editum
1371 3495 1553 3558 mutatam

266 3592 349 3655 lacit.
384 3593 498 3676 ltaque,
517 3592 544 3654 si
560 3614 621 3656 non
636 3613 737 3656 errore
754 3592 778 3655 P
797 3597 909 3656 iactam
926 3613 992 3655 esse
1006 3599 1105 3676 putes,
1126 3593 1233 3676 quales
1248 3615 1338 3678 saepe
1350 3572 1571 3680 occurrunt,x

266 3699 356 3762 elteri
380 3699 552 3762 sententiae
574 3698 783 3762 accedendum
806 3707 862 3762 cst.
905 3699 949 3762 Ee
970 3706 1075 3762 eutem
1098 3720 1131 3762 re
1147 3707 1267 3763 exstare
1281 3701 1364 3785 apud
1386 3701 1430 3765 lG
1455 3705 1485 3783 I,
1504 3709 1554 3772 67

266 3804 413 3884 Helicen,
437 3826 515 3889 queo
544 3805 581 3867 ah
606 3805 717 3869 Ouidio
747 3828 808 3870 uon
831 3819 1103 3885 commemoratur,
1127 3828 1166 3870 ne
1186 3806 1354 3892 depellaris
1383 3829 1401 3870 e
1426 3811 1559 3894 priore

336 3990 361 4056 l)
382 3990 557 4043 Vehementer
566 3991 698 4042 Robertus
712 3991 846 4044 Eratoslh.
861 3992 960 4045 (latest.
979 3992 1035 4044 rell.
1055 4010 1081 4062 p.
1091 3994 1124 4046 57
1139 3998 1216 4061 erret,
1233 4011 1300 4060 oum,
1314 3996 1445 4064 quoniam
1464 3999 1562 4057 falso

266 4076 349 4128 credit
368 4076 485 4128 Seruium
511 4076 638 4144 quasdem
658 4076 761 4129 fabulas
781 4094 812 4128 ex
828 4077 926 4146 Hygini
946 4079 1069 4146 poeticen
1095 4081 1291 4134 astronomioon
1316 4081 1391 4134 libris
1421 4087 1565 4158 petisse,

265 4160 330 4212 dicit
346 4160 465 4213 Seruium
482 4161 503 4213 G
523 4162 543 4224 I,
556 4162 611 4215 138.
631 4163 680 4214 246
695 4162 826 4230 Hyginum
846 4165 1013 4232 exscripisse,
1032 4166 1078 4217 sed
1097 4167 1183 4219 uarias
1202 4167 1258 4220 eius
1277 4168 1451 4224 narrationes
1475 4179 1564 4230 mis-

265 4247 359 4299 cuisse.
397 4247 487 4315 Neque
507 4249 575 4300 enim
596 4249 716 4302 censebis
736 4267 807 4316 casu,
827 4251 911 4318 siquis
931 4250 1079 4318 complures
1099 4252 1250 4306 historiolae
1277 4253 1450 4324 confuderit,
1476 4265 1566 4318 oriri

263 4333 363 4400 eadem,
383 4350 450 4404 quae
469 4335 520 4388 alio
539 4336 596 4390 loco
616 4336 747 4405 legantur.
