3248 5166
784 346 933 408 *36

269 521 369 586 denda
393 528 439 585 est
460 529 524 586 tota
546 523 650 588 fabula
683 524 839 590 exstitisse
862 525 895 588 in
917 526 1000 588 sonte
1023 522 1268 586 scholiastarum.
1322 523 1446 606 Neque,
1469 544 1544 586 cum

270 634 301 690 et
329 628 560 710 Tyrrhenorum
597 639 629 692 et
665 631 797 694 Penthei
825 630 930 694 l'ahula
966 638 1107 692 accurate
1138 638 1286 710 congruat
1316 649 1386 692 cum
1418 629 1543 708 Ouidio,

270 733 417 798 dubitabo
440 735 582 798 conicere
605 739 721 799 fontem
744 736 979 800 scholiastarum
1005 736 1144 799 hausisse
1167 757 1205 798 ex
1229 734 1340 799 Ouidio
1363 735 1438 819 ipso.
1478 737 1543 799 Sed

271 860 342 904 cum
361 848 392 903 et
407 841 594 925 Dionysiaca
617 844 720 907 Nonni
737 844 830 922 XLV,
844 846 900 909 105
910 865 975 926 sqq.
1000 853 1164 926 utramque
1187 843 1324 905 l'abulam
1340 843 1540 906 coniunctam

269 947 445 1030 praebeant,
468 947 501 1010 id
520 949 599 1030 quod
616 948 683 1012 iam
696 949 874 1012 Knaaokius
890 950 982 1012 Anal.
997 950 1087 1011 A.-R.
1108 971 1135 1032 p.
1149 949 1187 1012 57
1203 948 1435 1026 animadvertit,
1457 949 1542 1012 veri-

269 1053 374 1118 simile
403 1057 530 1118 l'ortasse
560 1062 607 1118 est
636 1063 666 1118 et
688 1055 835 1120 Ovidium
861 1057 1060 1139 praecedente
1088 1055 1193 1138 aliquo
1215 1054 1430 1118 Alexandrino
1452 1056 1541 1118 idern

269 1161 379 1224 secisse
400 1181 501 1243 neque
523 1160 614 1244 plane
637 1162 765 1244 negabis
787 1171 817 1225 et
839 1163 892 1245 qui
910 1162 1127 1246 compendium
1145 1163 1318 1245 composuit
1340 1170 1371 1224 et
1388 1161 1540 1226 Ovidium

270 1267 376 1332 eodem
400 1270 484 1342 sonte
507 1287 578 1331 usos
600 1289 665 1331 esse
689 1290 784 1352 posse.

350 1373 531 1455 Antigonen
542 1375 759 1438 Laomedontis
782 1374 888 1453 tiliam,
913 1395 983 1438 curn
1006 1373 1043 1437 dc
1065 1374 1299 1458 pulchritudine
1323 1396 1395 1438 cum
1416 1376 1539 1438 lunone

271 1485 426 1559 certasset,
450 1480 485 1543 in
508 1481 659 1544 ciconiam
680 1503 859 1546 conversam
870 1501 936 1545 esse
952 1489 982 1544 et
1003 1481 1084 1564 apud
1101 1480 1250 1544 Ovidium
1265 1490 1338 1544 met.
1356 1482 1409 1560 Vl,
1419 1482 1459 1544 93
1468 1503 1538 1565 sqq.

270 1593 300 1649 ot
321 1587 404 1670 apud
426 1587 477 1650 SA
499 1588 571 1666 Lat
595 1587 728 1652 invenis.
773 1589 856 1664 Quae
879 1609 950 1651 cum
973 1595 1004 1650 et
1023 1587 1063 1650 ad
1082 1587 1231 1650 Ovidium
1252 1587 1305 1668 (cl.
1327 1588 1479 1652 Wissowa
1503 1589 1539 1651 in

270 1691 536 1776 Pauly-Wissowa
553 1694 786 1778 Realencyolop.
809 1693 940 1774 Latos)
963 1703 994 1758 et
1015 1694 1054 1757 ad
1077 1694 1144 1757 eius
1164 1697 1282 1758 fontem
1304 1693 1405 1758 redire
1428 1695 1538 1778 possit,

269 1798 390 1882 plenior
399 1800 497 1863 altera
515 1801 659 1879 narratio,
678 1822 756 1884 quae
772 1807 872 1864 exstat
887 1802 970 1886 apud
981 1801 1135 1884 mythogr.
1151 1801 1251 1864 Vatis.
1268 1802 1292 1878 l,
1305 1801 1362 1862 179
1378 1821 1538 1883 quamque

269 1911 351 1967 recte
364 1904 515 1969 Wissowa
535 1906 555 1968 l.
572 1905 592 1968 l.
616 1905 722 1970 docuit
743 1913 919 1990 excerptam
937 1927 1003 1970 esse
1020 1927 1058 1969 ex
1072 1905 1191 1990 perdito
1213 1905 1329 1969 scholio
1340 1902 1364 1985 ¹)
1387 1906 1426 1969 ad
1442 1907 1538 1988 Verg2

270 2009 377 2092 Georg.
400 2011 523 2090 lta-20,
546 2011 628 2094 quod
649 2047 690 2055 —
712 2012 743 2074 id
773 2013 854 2096 quod
877 2011 1008 2076 Ovidius
1038 2034 1100 2076 non
1129 2011 1255 2095 praebet
1277 2033 1444 2075 --comae
1467 2012 1538 2074 eius

267 2115 302 2179 iu
324 2122 482 2200 serpentes
503 2137 667 2182 conversae
689 2138 755 2181 esse
778 2119 959 2196 traduntur,
990 2140 1027 2181 ex
1050 2117 1160 2182 Ouidio
1183 2119 1308 2181 fluxisse
1338 2139 1401 2181 non
1423 2127 1537 2201 potest.

349 2223 488 2286 Aeacum
510 2221 607 2302 (lovis
630 2229 661 2285 et
683 2223 822 2304 Aeginae
844 2223 1113 2287 lilium—narrat
1135 2222 1266 2286 Ovidius
1290 2223 1538 2300 vilers—660

268 2361 308 2372 -
331 2348 401 2391 cum
425 2348 531 2391 ornnes
553 2327 695 2391 homines
717 2336 803 2411 peste
825 2329 992 2412 perissent,
1014 2349 1123 2412 quam,
1150 2329 1231 2411 quod
1252 2329 1374 2392 Aeacus
1395 2329 1537 2393 insulam

266 2433 392 2496 nomine
423 2435 533 2497 matris
561 2434 763 2518 appellasset,
796 2435 873 2498 luno
903 2435 981 2499 irata
1009 2435 1147 2497 misisset
1156 2433 1179 2514 ,)
1212 2433 1246 2496 in
1276 2455 1391 2516 quercu
1420 2457 1537 2516 magna

266 2538 469 2602 multitudine
493 2539 691 2603 formicarum
707 2540 924 2603 animadversa
945 2540 1048 2603 alove
1064 2539 1185 2623 petisse,
1204 2549 1237 2602 ut
1255 2549 1301 2604 tot
1315 2540 1376 2603 sibi
1390 2541 1536 2606 homines

265 2644 488 2726 contingerent.
534 2646 620 2721 Quod
643 2653 777 2731 optasset
799 2647 964 2730 impetrato
986 2647 1130 2710 formicas
1153 2646 1185 2709 in
1208 2647 1349 2712 homines
1368 2669 1536 2712 conversas

265 2771 346 2829 esso,
384 2772 478 2834 quam
514 2752 553 2815 ob
588 2774 654 2818 rem
685 2753 896 2836 Myrmidonas
933 2754 1103 2838 appellatos
1140 2775 1214 2816 esse.
1268 2754 1355 2831 Quod
1389 2756 1536 2819 rotundis

266 2858 355 2920 uncis
386 2857 515 2936 inclusi,
545 2859 646 2922 solum
675 2859 757 2942 apud
787 2859 830 2921 ΙΑ
859 2860 926 2938 ll,'l
957 2859 1050 2941 logie,
1076 2861 1233 2942 reliquum
1263 2860 1358 2924 etiam
1386 2860 1470 2944 apud
1500 2860 1535 2940 S,

264 2964 318 3028 sed
341 2985 412 3027 cum
440 2965 474 3027 in
505 2965 686 3029 universum
715 2965 798 3028 dicat
827 2965 1031 3046 [formicam
1061 2985 1142 3046 quos
1164 2986 1242 3030 cosa
1264 2967 1539 3030 animadverterat

261 3069 387 3148 plures,
418 3070 496 3134 dicit
524 3071 545 3134 S
575 3091 644 3134 cam
674 3072 709 3134 ia
737 3071 850 3134 arbore
869 3070 924 3153 fici
943 3072 1097 3153 formicas
1118 3072 1257 3136 vidisset.
1307 3073 1445 3136 Eandem
1469 3075 1537 3136 lere

264 3175 471 3240 narrationem
502 3177 597 3240 habes
627 3178 710 3262 apud
732 3179 894 3260 Hyginum
922 3180 981 3243 lab.
1005 3181 1060 3258 52,
1093 3179 1148 3262 qui
1170 3187 1200 3242 et
1223 3201 1372 3262 quercum
1394 3179 1535 3243 exhibet.

263 3281 324 3346 Sed
353 3303 424 3346 cum
454 3282 593 3367 primum
624 3284 754 3349 Ovidius
783 3293 813 3349 et
835 3288 849 3350 l
871 3287 988 3351 incolas
1017 3296 1103 3371 peste
1134 3289 1326 3364 interlectos,
1349 3286 1495 3370 Hyginus
1504 3287 1535 3367 ²³)

332 3477 358 3543 l)
379 3476 499 3530 Ceterum
520 3479 590 3546 quod
609 3483 635 3531 te
653 3479 861 3532 animadvertere
880 3481 948 3547 volo,
968 3497 1025 3532 curn
1043 3482 1137 3534 ceteris
1156 3480 1263 3533 scholiis
1283 3481 1351 3532 hanc
1369 3481 1403 3533 ad
1417 3481 1534 3535 eundem

260 3562 359 3615 iontem
379 3563 464 3615 redire
485 3565 558 3616 vides
587 3581 618 3616 ex
644 3565 689 3617 illa
714 3565 828 3618 formula
853 3569 1000 3634 tritissima,
1020 3585 1086 3636 quae
1112 3567 1182 3635 apud
1209 3568 1366 3619 scholiastes
1385 3569 1535 3621 sescenties

262 3649 395 3701 invenitur
411 3652 585 3703 miseratione
603 3653 721 3705 deorum.

332 3741 359 3807 2)
379 3743 459 3794 Recte
478 3743 568 3794 Dietze
594 3743 700 3805 Quaest.
719 3745 786 3814 Hyg.
813 3747 877 3799 diss
896 3745 948 3797 Kil.
979 3746 1045 3798 1890
1064 3763 1089 3813 p.
1115 3746 1146 3797 31
1173 3747 1253 3797 verba
1271 3745 1370 3814 Hygini
1397 3747 1467 3799 Iuno

260 3833 404 3892 samsonem
427 3829 457 3879 in
484 3845 583 3895 aquam
600 3832 689 3898 misit,
708 3849 776 3899 quoe
794 3850 852 3884 eom
870 3834 1007 3884 oeammoit
1026 3832 1127 3884 confert
1147 3847 1205 3883 cum
1222 3831 1309 3883 Ovidii
1327 3833 1448 3885 versibus
1469 3835 1535 3887 534.

259 3911 310 3964 535
335 3915 463 3980 miliaque
493 3917 608 3968 incultos
638 3925 791 3985 serpentum
814 3921 900 3971 multa
926 3934 978 3986 per
1007 3934 1089 3983 apros
1114 3933 1222 3969 errasse
1246 3925 1325 3984 atque
1349 3920 1408 3970 sais
1430 3920 1535 3984 flavios

257 4004 399 4051 temerasse
429 4003 542 4054 venenis.
591 4003 643 4056 Sed
669 4022 732 4056 num
767 4010 837 4058 recte
869 4007 965 4058 dixerit
997 4021 1051 4056 uon
1078 4004 1188 4055 dubium
1217 4020 1290 4068 esse,
1316 4007 1381 4072 quin
1405 4005 1533 4073 Hyginus

259 4084 418 4152 hypothesin
437 4086 564 4139 Graecam
591 4091 741 4142 accuratius
762 4090 855 4143 Ovidio
876 4091 998 4144 redderet
1015 4092 1158 4158 quaeritur.
1201 4091 1298 4156 lmmo,
1318 4107 1375 4143 cum
1403 4090 1532 4145 Ovidium

259 4170 347 4221 cuml
373 4173 582 4238 comparaveris,
609 4179 718 4242 propter
742 4181 841 4244 pestem
868 4179 974 4230 missam
1000 4181 1026 4228 et
1053 4180 1160 4245 propter
1187 4192 1294 4228 causam
1320 4178 1405 4244 pestis
1431 4178 1533 4231 missae

259 4256 387 4308 concedes
407 4258 485 4308 etiam
513 4258 635 4311 Ovidium
653 4261 732 4327 (etl)
751 4264 887 4316 nonnullis
906 4263 972 4314 locis
992 4262 1100 4329 iontem,
1121 4279 1197 4330 quem
1216 4262 1378 4330 hypothesin
1398 4262 1531 4318 Graecam

258 4340 349 4392 Dietze
368 4341 441 4409 dicit,
460 4346 609 4397 accuratius
629 4348 705 4415 sequi
724 4365 803 4416 quam
822 4350 963 4418 Hyginum.
