3218 5172
679 351 714 414 13

144 531 190 594 Ex
212 529 262 592 his
283 527 590 611 verbisVergilianis
612 549 808 593 communem
826 529 952 606 iontem,
970 526 1014 590 ad
1037 548 1130 612 quem
1144 529 1324 594 scholiastae

61 637 196 721 Vergilii
219 642 249 700 et
270 633 369 699 Persii
391 634 492 698 redire
521 634 603 715 dixi,
634 655 836 718 quaecunque
866 633 904 697 de
933 633 1102 718 Hippolyto
1123 635 1233 700 Virbio
1262 644 1324 702 tra·
1434 660 1438 668 ’

61 745 140 808 dunt
162 743 362 821 scholiastae,
392 741 562 826 sumpsisse
584 764 645 806 non
668 742 862 812 crediderim,
893 762 1091 826 quamquam,
1121 742 1201 826 quod
1224 743 1323 808 solum

63 851 147 936 apud
164 867 168 872 ·
183 849 364 914 scholiastas
396 847 483 931 legis,
513 848 653 931 Vergilio
679 848 961 933 praetermittente,
984 847 1193 930 veriloquium
1224 849 1326 914 Virbii

62 955 159 1040 (apud
189 955 209 1018 S
245 955 337 1040 quasi
376 955 423 1020 hie
462 955 513 1018 vir
548 961 587 1030 et:
616 955 698 1040 apud
728 953 822 1018 schol.
855 954 937 1017 Pers.
970 960 998 1018 at
1033 953 1177 1018 Virdium
1205 956 1326 1020 vocavit

68 1066 179 1128 orerito
200 1062 284 1144 qaod
312 1061 359 1126 bio
385 1064 420 1126 ia
448 1063 544 1126 altam
561 1064 711 1147 prolatas
732 1059 825 1142 esset)
848 1060 929 1146 sapit
951 1060 1124 1126 doctrinam
1146 1062 1326 1145 grammati·

64 1192 140 1248 cam,
158 1169 263 1254 itaque
277 1168 367 1233 facile
387 1168 426 1232 ab
444 1175 682 1233 commentatore
697 1167 801 1250 aliquo
824 1167 958 1250 Vergilii
972 1167 1115 1232 additum
1132 1189 1199 1233 esee
1218 1176 1327 1254 potest.

64 1276 128 1341 Sed
157 1283 192 1340 ut
221 1275 341 1340 cautius
369 1297 435 1339 rem
464 1297 570 1358 agam,
601 1274 746 1338 existimo
777 1274 942 1358 antiquum
972 1273 1170 1340 scholiastam
1192 1277 1327 1359 Vergilii

64 1384 170 1448 verbis
193 1383 326 1467 Vergilii
357 1390 546 1470 commotum
569 1404 607 1446 ex
628 1381 689 1446 alio
712 1379 831 1463 sonte1)
864 1381 938 1446 haec
967 1381 1005 1445 de
1027 1381 1136 1460 Virbio
1158 1382 1327 1448 inseruisse

65 1489 189 1555 fabulae
210 1489 385 1576 Hippolyti,
1070 1471 1075 1484 ¹

154 1613 267 1678 Omnes
305 1612 502 1678 consentiunt
538 1611 722 1676 scholiastae
750 1612 900 1675 lunonem
931 1609 997 1674 loni
1029 1617 1164 1675 oestrum
1194 1611 1326 1676 misisse,

65 1721 194 1797 Quaeris
208 1720 291 1784 unde
313 1723 484 1804 proiectum
501 1719 557 1783 sit:
581 1740 618 1782 ex
630 1718 769 1802 Vergilio
786 1720 922 1796 fortasse,
945 1716 1326 1805 namGeorg.l11152sq.

66 1834 190 1891 exstant
212 1827 324 1891 verba:
349 1827 425 1908 „hoc
444 1826 598 1911 quondam
610 1834 748 1890 monstro
763 1824 922 1890 horribilis
941 1825 1080 1900 exercuit
1098 1825 1161 1889 iras
1183 1826 1328 1890 Inachiae

71 1935 147 1998 luno
169 1942 287 2019 pestem
310 1934 460 1997 meditata
481 1930 696 2013 iuvencae“²).

151 2059 188 2121 ln
205 2057 310 2121 fabula
324 2056 527 2120 Phaethontis
548 2062 675 2141 apparet
693 2055 868 2138 Vergilium
890 2061 1047 2119 auctorem
1070 2054 1165 2118 fuisse
1188 2076 1327 2120 sororum

70 2164 105 2227 iu
126 2164 212 2229 alnos
238 2163 288 2228 vel
319 2164 351 2227 in
384 2162 513 2248 populos
542 2169 743 2226 mutatarum.
788 2161 877 2244 Legis
900 2162 985 2225 enim
1007 2161 1058 2226 SA
1081 2161 1118 2241 ll,
1136 2162 1192 2226 189
1216 2161 1328 2243 „huius

69 2270 234 2334 interitum
253 2271 360 2333 flentes
381 2289 506 2348 sorores
530 2268 705 2332 Phaethusa
727 2275 758 2331 et
771 2269 964 2352 Lampetusa,
988 2267 1115 2332 deorum
1130 2267 1328 2334 miseratione

69 2377 104 2440 in
126 2377 248 2441 arbores
270 2383 476 2440 commutatae
498 2387 580 2454 suut,
611 2382 646 2438 ut
667 2374 718 2438 hio
746 2373 823 2438 dicit
845 2375 879 2437 in
900 2374 1037 2459 populos,
1061 2382 1095 2438 ut
1117 2374 1151 2438 in
1173 2375 1328 2440 Bucolicis

67 2483 102 2547 in
125 2481 231 2547 alnos“
255 2490 285 2545 et
307 2482 358 2546 SA
381 2483 505 2566 vuum)
529 2489 653 2567 „postea
677 2481 743 2546 eius
759 2502 875 2546 sorores
897 2482 997 2546 flendo
1018 2481 1051 2544 in
1073 2481 1202 2567 populos
1222 2503 1329 2548 versae

69 2596 145 2652 sunt
166 2597 202 2671 ut
225 2588 259 2651 in
281 2588 401 2652 decimo
429 2588 556 2672 populos
575 2589 657 2652 inter
679 2587 801 2652 frondes
824 2587 1029 2672 umbramque
1052 2609 1190 2655 sororum
1214 2596 1245 2653 et
1274 2589 1330 2653 hoc
1380 2624 1382 2628 ·

69 2694 250 2776 Vergilius:
285 2715 357 2757 nam
386 2694 443 2758 alii
472 2695 505 2758 in
527 2695 604 2760 alias
626 2695 748 2759 arbores
771 2693 905 2759 dicant“.
949 2694 1100 2776 Videsne,
1126 2703 1161 2760 ut
1182 2695 1232 2760 his
1253 2696 1330 2761 locis

67 2802 236 2868 scholiasta
265 2800 352 2884 quasi
375 2802 477 2886 palam
498 2806 653 2887 professus
674 2803 716 2866 sit
737 2824 769 2866 se
792 2803 836 2867 ita
864 2803 981 2883 iecisse,
1014 2812 1048 2868 ut
1071 2804 1269 2889 supradixi:
1298 2825 1330 2868 se

66 2910 172 2976 varias
196 2908 389 2988 narrationes
412 2893 568 2974 invenisse
584 2918 614 2974 et
631 2932 668 2974 ex
689 2910 734 2973 eis
756 2909 893 2993 elegisse,
915 2932 993 2994 quae
1014 2932 1086 2974 oum
1098 2909 1237 2993 Vergilio
1259 2931 1329 2974 con-

68 3017 231 3081 sentirent.

143 3112 294 3205 vFortasse
317 3140 376 3205 huo
398 3139 525 3226 respicit
547 3141 651 3220 ctiam,
681 3143 761 3224 quod
784 3141 865 3206 infra
887 3142 1104 3207 demonstrabo
1125 3141 1163 3205 de
1184 3141 1331 3224 Philyrae

69 3247 185 3312 l'ahula.

155 3371 222 3435 Una
244 3371 308 3436 sola
331 3371 435 3436 sabula
458 3371 519 3450 eie,
550 3391 627 3454 quae
650 3371 795 3455 exposui,
819 3392 989 3456 repugnare
1012 3370 1151 3436 videtur:
1181 3392 1254 3434 nam
1280 3369 1331 3433 SA

67 3476 125 3553 XI,
135 3478 193 3540 271
225 3500 287 3542 non
308 3477 442 3560 Vergilii
471 3478 608 3544 fabulam
638 3478 691 3542 sed
723 3477 814 3562 plane
841 3477 936 3542 aliam
959 3477 996 3541 de
1019 3477 1197 3541 Diomedeis
1220 3477 1331 3541 avibus

67 3590 183 3648 narrat.
227 3585 288 3648 Sed
316 3593 440 3649 secutus
469 3592 516 3649 est
544 3586 579 3650 in
606 3587 663 3650 hac
686 3608 718 3650 re
741 3585 931 3670 scriptorem,
962 3584 1016 3668 qui
1036 3585 1074 3648 de
1096 3583 1235 3666 Vergilio
1257 3603 1331 3666 quo-

67 3691 161 3755 modo
190 3692 309 3756 fabulas
337 3692 481 3774 vulgares
511 3692 698 3757 converterit
721 3691 861 3776 scripsit,
894 3698 929 3754 ut
956 3691 1023 3775 ipse
1055 3690 1132 3754 dicit
1162 3689 1238 3771 „hoc
1268 3689 1332 3754 loco

68 3798 177 3862 nullus
199 3799 322 3864 dubitat
344 3801 465 3864 fabulae
484 3800 577 3864 huius
600 3800 741 3866 ordinem
761 3821 780 3863 a
801 3798 940 3882 Vergilio
962 3819 1028 3862 esse
1051 3793 1263 3861 conversum“.

141 4037 166 4105 l)
193 4037 261 4090 Num
286 4038 328 4092 hio
351 4039 410 4092 fons
435 4038 525 4091 redeat
551 4037 584 4090 ad
610 4035 702 4088 αἴτιον
726 4035 930 4087 Callimachoum
955 4038 981 4088 et
1007 4050 1151 4088 consensus
1180 4034 1248 4086 inter
1266 4033 1332 4086 Ver·

66 4123 162 4192 gilium
181 4128 208 4177 ct
228 4125 395 4177 scholiastam
415 4142 490 4177 aare
510 4124 664 4192 explicetur,
683 4122 752 4191 quod
772 4122 838 4174 alter
857 4138 975 4175 sermone
994 4121 1110 4190 pedestri
1129 4120 1195 4172 altar
1213 4119 1333 4172 versibus

66 4209 272 4262 Gallimaeheam
290 4213 467 4263 narrationem
487 4211 615 4275 retulerit,
634 4210 662 4260 in
682 4208 766 4260 medio
781 4208 935 4276 relinquam.
973 4207 1011 4259 Cf.
1023 4207 1065 4260 SA
1078 4205 1206 4268 vilare:
1226 4205 1334 4273 exponit

67 4288 100 4347 τὸ
120 4294 224 4348 αἲτιονε
244 4314 305 4349 nam
324 4295 502 4349 Callimachus
522 4297 628 4365 scripsit
647 4293 732 4358 αἴτια,
751 4295 779 4345 in
799 4294 894 4362 quibus
915 4295 993 4346 ctiam
1013 4293 1062 4345 hoc
1080 4295 1272 4345 commemorat.

138 4381 165 4448 ⁶2)
185 4381 305 4434 Ceterum
326 4382 387 4450 quid
410 4383 441 4434 de
460 4381 511 4434 hac
538 4399 565 4434 re
591 4382 759 4435 iudicandum
786 4381 820 4432 sit
839 4381 899 4434 vide
922 4397 989 4448 quae
1008 4379 1076 4432 infra
1098 4378 1205 4430 docebo.
