3218 5172
660 355 700 418 43

54 528 137 607 dixit,
170 551 211 592 ex
233 529 346 595 Ouidio
377 531 490 596 elicere
514 552 575 596 non
603 534 705 617 potuit
728 541 774 612 et,
805 555 865 618 qua
887 533 988 598 utitur
1010 535 1025 598 I
1046 557 1101 620 pro
1123 543 1205 599 certo
1227 555 1315 598 uoca-

56 635 114 699 hulo
140 635 253 700 Ouidii
274 635 403 718 lcaeac,
427 639 561 702 formula
592 639 687 703 euicit
710 661 781 704 eum
805 639 953 704 Ouidium
983 641 1086 725 ipsum
1117 661 1178 705 non
1203 640 1313 704 adisse.

56 743 193 806 Praetera
225 745 254 807 ei
284 744 338 828 qui
368 744 589 829 compendium
618 746 744 830 scripsit
769 769 807 810 ne
829 767 905 831 opus
928 747 1053 830 quidem
1077 753 1142 810 erat
1164 745 1314 810 Ouidium

58 848 233 928 exhaurire,
266 871 338 914 cnm
360 871 465 934 regem
487 850 663 914 Thebarum
688 873 760 915 cum
790 849 901 916 Ouidio
930 851 1026 916 etiam
1055 851 1315 936 Philostephanus

59 955 128 1038 apud
159 956 256 1020 schol.
280 958 372 1020 Hom.
396 955 437 1036 H,
452 957 507 1036 86,
538 957 618 1021 iram
645 959 774 1022 lunonis
796 959 834 1022 ob
856 960 1003 1023 Liberum
1032 959 1188 1023 nutritum
1216 965 1315 1022 ortam

60 1062 143 1124 etiam
165 1062 376 1147 Apollodorus
398 1064 455 1142 III,
469 1063 527 1142 4,3
549 1064 659 1127 tradat.
693 1063 773 1128 Fons
796 1065 892 1148 igitur
913 1065 996 1129 idem
1020 1071 1185 1149 usurpatus
1208 1070 1254 1128 est
1275 1065 1314 1127 ab

60 1168 225 1232 scholiastis
247 1175 279 1232 et
301 1169 422 1233 Ouidio.

133 1275 305 1354 Phaethon,
323 1275 403 1339 Solis
419 1282 449 1339 et
466 1276 630 1359 Clymenes
646 1277 739 1354 filius,
757 1276 838 1360 quod
856 1276 937 1340 Solis
955 1276 1056 1340 lilium
1072 1298 1132 1341 non
1154 1295 1220 1339 esse
1243 1297 1315 1339 eum

63 1379 198 1464 Epaphus
228 1391 387 1464 arguerat,
418 1405 437 1446 a
468 1390 566 1446 matre
588 1390 623 1445 ut
645 1391 766 1466 patrem
790 1383 904 1446 uiseret
927 1382 1041 1446 missus
1063 1391 1118 1446 est.
1161 1383 1311 1459 Quicum

62 1506 106 1566 per
134 1485 277 1570 Stygiam
310 1487 454 1571 paludem
485 1487 616 1550 iurasset
645 1509 678 1551 se
707 1488 860 1571 quidquid
888 1494 1022 1571 optasset
1052 1491 1207 1552 lecturum
1237 1509 1311 1568 esse,

63 1595 212 1658 Phaethon
235 1616 361 1658 currum
384 1593 663 1677 patrispostulauit
684 1605 715 1657 et
735 1593 862 1678 accepit.
900 1593 960 1656 Sed
975 1616 1055 1673 cum,
1073 1596 1155 1678 quod
1172 1616 1233 1658 non
1248 1603 1313 1657 erat

61 1701 158 1782 auriga
181 1701 320 1774 idoneae,
344 1700 426 1764 orhis
451 1707 605 1763 terrarum
629 1700 773 1763 incensus
796 1707 885 1778 esset,
908 1700 1069 1765 Phaethon
1083 1701 1166 1765 Iouis
1183 1701 1314 1765 l'ulmine

65 1829 218 1889 percussus
248 1809 281 1870 in
311 1807 481 1870 Eridanum
513 1807 617 1890 lapsus
647 1816 701 1871 est.
728 1808 832 1884 ¹Quod
858 1828 955 1891 usque
977 1829 1012 1871 eo
1034 1829 1072 1870 ex
1095 1807 1205 1871 Ouidio
1226 1805 1315 1887 (met.

67 1915 235 1993 lars-11,
246 1912 323 1994 380>
345 1913 449 1992 retuli,
472 1914 567 1977 etiam
590 1913 640 1978 SA
660 1915 770 1991 &189
793 1914 927 1978 exhibet.
961 1914 1085 1978 Sorores
1105 1921 1168 1976 tres
1190 1916 1317 1978 fratrem

22 2081 23 2094 ,
67 2029 217 2085 mortuum
247 2021 443 2104 deplorantes
473 2021 505 2083 in
533 2021 657 2084 arbores
686 2043 848 2086 conuersas
878 2043 944 2085 esse
972 2021 1066 2085 etiarn
1089 2020 1136 2084 SB
1160 2022 1213 2099 VI,
1224 2022 1262 2084 62
1286 2028 1317 2084 et

22 2133 23 2154 ¹
68 2126 110 2188 sl
138 2129 192 2206 VI,
208 2130 267 2192 659
297 2129 453 2212 praebent.
511 2129 669 2192 Lacrimae
701 2136 821 2206 autem,
852 2149 928 2211 quas
957 2149 1074 2192 sorores
1102 2127 1252 2205 fundunt,
1283 2126 1318 2189 in

66 2233 169 2298 electra
196 2242 403 2298 commutatae
433 2234 466 2297 in
489 2235 608 2298 Padurn
638 2236 767 2314 cadunt,
800 2243 835 2298 nt
857 2256 928 2298 curn
951 2233 1062 2298 Ouidio
1085 2233 1212 2317 exponit
1233 2233 1316 2296 solus

22 2331 24 2418 l
67 2339 212 2418 havisa
256 2339 434 2404 Knaackius
463 2347 580 2423 quaest.
602 2340 770 2406 Phaethon.
800 2363 829 2424 p.
853 2342 891 2403 67
922 2341 1148 2426 demonstrauit
1172 2339 1316 2422 mythum

67 2444 260 2511 Phaethontis
276 2446 465 2510 Ouidianum
488 2468 525 2509 ex
541 2446 641 2509 tribus
657 2447 753 2530 poetis
777 2469 842 2510 esse
859 2447 1080 2531 compositum:
1104 2469 1141 2509 ex
1156 2445 1315 2529 Euripide,

69 2559 146 2631 poeta
175 2553 310 2636 quodam
337 2552 567 2630 Alexandrino,
599 2553 761 2616 Phanocle.
813 2554 892 2617 Cum
923 2552 1020 2634 igitur
1051 2551 1071 2614 S
1102 2572 1171 2614 oum
1205 2549 1317 2613 Ouidio

69 2667 207 2739 congruat
228 2665 282 2721 aut
302 2659 406 2742 ipsum
421 2667 474 2721 aut
490 2662 616 2738 fontem,
640 2681 733 2743 quem
748 2667 929 2744 excerptum
944 2658 1206 2742 mythographum
1223 2657 1317 2719 luisse

70 2760 237 2827 Knaackius
259 2764 338 2827 mihi
362 2765 523 2848 persuasit,
546 2766 725 2829 adhibuisse
747 2787 871 2830 necesse
893 2773 948 2828 est.
990 2764 1129 2842 Accedit,
1152 2763 1232 2846 quod
1247 2783 1318 2825 con·

70 2865 176 2934 iunctio
198 2872 293 2934 huius
316 2871 437 2935 fabulae
460 2894 529 2935 cum
554 2873 674 2957 Epaphi
696 2873 804 2956 mytho
828 2873 890 2936 nisi
912 2873 994 2956 apud
1017 2871 1165 2936 Ouidium
1187 2891 1247 2934 non
1270 2868 1317 2932 in-

70 2977 212 3056 ueniatur,
237 3000 298 3062 qua
311 3000 342 3041 re
359 2979 492 3042 elficit-ur
506 2988 559 3042 aut
575 2989 681 3044 contra
693 2980 888 3044 Knaackium
905 2980 1000 3043 etiam
1015 2979 1072 3042 hoc
1084 2975 1317 3040 attribuendum

71 3101 126 3145 esse
161 3082 293 3165 lonoi1),
327 3092 381 3148 aut
410 3085 443 3148 iu
473 3085 691 3170 compendium
724 3094 819 3150 totam
855 3087 992 3150 fabulam
1029 3085 1155 3148 fluxisse
1184 3105 1222 3146 ex
1252 3082 1319 3165 ipso

71 3185 180 3254 Ouidio.
237 3191 415 3270 Praeterea,
453 3213 530 3275 quae
559 3200 604 3255 est
637 3214 685 3255 res
715 3193 913 3274 grauissima,
946 3191 1091 3269 Ovidius,
1130 3211 1319 3273 quamquam

72 3314 189 3362 numero
219 3319 337 3362 sorores
366 3305 428 3360 tres
458 3319 523 3361 esse
545 3298 637 3376 dicit,
663 3308 768 3362 tamen
791 3300 923 3362 duarum
946 3297 1073 3361 nomina
1094 3298 1199 3359 all'ert:
1230 3296 1319 3358 ham-

71 3403 158 3481 peties
182 3413 212 3467 et
235 3405 444 3483 Phaethusae,
476 3407 615 3484 easdem,
646 3428 722 3490 quas
743 3415 773 3469 et
800 3405 980 3483 scholiasta,
1004 3403 1066 3466 nisi
1089 3403 1170 3486 quod
1194 3404 1320 3465 fortasse

72 3507 138 3574 uitio
160 3533 215 3596 pro
239 3513 397 3595 Lampetie
419 3515 545 3597 praebet
562 3514 793 3598 Lampetusam.
832 3493 915 3576 Duas
937 3512 1032 3575 etiarn
1053 3510 1135 3594 apud
1152 3510 1321 3574 Homerum

72 3611 185 3682 iuuenis
206 3640 230 3698 μ
245 3621 317 3682 132:

247 3743 373 3824 νύμφαι
397 3741 607 3823 ἐυπλόκαμοι,
631 3742 815 3807 Φαέθουσά
835 3765 871 3806 τε
893 3747 1073 3824 Λαμπετίη
1094 3765 1141 3819 τε,

249 3847 287 3923 ἃς
308 3858 401 3912 τέκεν
420 3849 535 3930 Ἠελίῳ
555 3849 717 3930 Ὑπερίονι
739 3851 797 3913 δῖα
819 3856 953 3929 Νέαιρα.

143 3981 247 4044 Etiam
269 3981 472 4045 Phaethontis
501 3981 638 4045 amicum
659 3982 817 4065 Cygnum,
847 3981 901 4065 qui
925 3980 1013 4063 queri
1036 3999 1096 4042 non
1119 3974 1256 4050 destitit,
1287 3972 1320 4035 in

73 4081 175 4152 olorem
203 4109 387 4152 conuersum
408 4109 475 4152 esse
504 4098 557 4152 aut
580 4111 618 4152 ex
639 4088 750 4152 Ouidio
772 4096 826 4153 aut
850 4109 887 4150 ex
908 4088 974 4150 eius
997 4090 1080 4150 sonte
1101 4082 1191 4145 fluxit
1212 4079 1245 4140 in
1269 4077 1320 4140 SA

71 4228 254 4245 h.

74 4370 99 4424 18
148 4295 173 4360 l)
194 4293 263 4346 Vide
288 4311 365 4362 quarn
386 4297 567 4363 quaestionem
589 4297 670 4348 mouit
688 4253 870 4349 Maassiusin
896 4295 983 4348 indice
1007 4295 1067 4346 lect.
1087 4294 1235 4362 Gryphisu.
1255 4296 1322 4345 aest.

101 4375 130 4430 94
147 4399 173 4450 p.
195 4383 235 4434 15.
