3218 5172
886 285 926 346 24

275 461 392 539 Attici,
427 460 645 545 Polypemonis
676 459 754 537 filii,
786 481 855 523 cum
890 467 976 544 pater
1007 458 1036 522 ei
1066 457 1273 542 praeciperet,
1309 467 1343 522 ut
1380 467 1542 542 quaereret

275 566 440 644 maritum,
478 565 660 628 arbitratum
689 564 877 648 permissum
907 564 983 642 sibi,
1013 571 1048 626 ut
1078 565 1296 627 concumberet
1326 586 1397 629 cum
1427 567 1544 649 quibus

274 670 387 750 vellet,
425 672 464 735 ab
493 672 571 760 irato
605 678 692 754 patre
728 670 880 738 deiectam
912 670 945 733 in
980 690 1080 747 mare,
1120 676 1272 732 mutatam
1305 670 1339 732 in
1374 670 1452 734 hanc
1486 694 1543 735 1ο-

275 777 402 840 luerem.
465 777 582 841 Idcirco
614 783 720 839 autem
748 776 877 840 dilectas
910 774 1035 838 Thetidi
1068 774 1145 837 dicit
1175 774 1230 837 has
1260 796 1348 852 aveS,
1379 778 1458 860 quod
1484 801 1545 862 per

275 889 394 967 septem
426 882 508 960 dies,
542 881 655 965 quibus
695 881 865 946 excludunt
898 884 1013 958 foetus,
1047 880 1080 944 in
1119 880 1197 943 mari
1234 882 1445 965 tranquillitas
1482 894 1544 963 est,

275 996 310 1052 ut
339 995 407 1051 tnta
444 989 486 1051 sit
515 987 681 1070 navigatio.
712 1023 752 1032 -
780 988 886 1052 Prima
917 987 1039 1065 fabula,
1074 975 1166 1069 quam
1200 986 1251 1049 PG
1285 988 1340 1066 111,
1359 988 1422 1053 338
1452 1012 1545 1054 accu-

276 1094 375 1158 ratius
399 1093 534 1178 exponit,
553 1092 728 1176 („Alcyone
750 1094 815 1158 filia
833 1095 925 1158 Aeoli
945 1116 1021 1158 uxor
1041 1094 1157 1176 Ceycis,
1183 1114 1261 1176 quae
1284 1095 1443 1158 cum'viro
1464 1119 1546 1160 nau-

276 1201 374 1282 fragio
396 1200 509 1266 amisso
532 1207 651 1266 mutata
673 1208 719 1262 est
740 1200 775 1263 in
796 1221 869 1264 aves
892 1200 1055 1284 alcyones:
1090 1197 1178 1262 cuius
1207 1207 1313 1282 partus
1341 1199 1416 1263 dum
1437 1203 1546 1265 exclu-

280 1306 373 1384 ditur,
397 1313 517 1390 septem
539 1306 648 1369 diebus
670 1327 755 1369 mare
777 1307 919 1389 quietum
942 1305 1022 1386 est“)
1043 1305 1157 1388 legitur
1178 1305 1260 1388 apud
1283 1304 1371 1368 Ovid.
1395 1314 1465 1370 met.
1487 1309 1547 1386 Xl,
1590 1373 1591 1376 ,

279 1414 350 1478 410.
394 1411 534 1475 Alterius
565 1410 705 1488 fabulae,
736 1428 803 1494 qua·
826 1411 973 1476 Ovidium
1006 1412 1200 1476 Theodorum
1231 1411 1319 1494 sequi
1351 1412 1435 1490 dicit,
1465 1413 1548 1478 haec
1590 1425 1591 1464 l

279 1525 403 1582 tautum
428 1518 554 1586 exhibet
577 1517 707 1581 Ovidius
730 1520 889 1597 1111,401;
1590 1469 1591 1542 i

412 1705 415 1710 .
516 1624 723 1708 Innixamque
746 1625 835 1689 novis
856 1632 982 1709 neptem
1003 1623 1222 1708 Polypemonis
1244 1623 1311 1686 alis.
1466 1619 1468 1624 ’

279 1732 344 1807 Quo
366 1731 491 1795 taudem
520 1729 625 1808 modo,
656 1752 735 1814 quae
756 1739 861 1803 narrat
884 1733 925 1810 P,
955 1753 992 1794 ex
1014 1731 1063 1794 his
1087 1730 1192 1815 paucis
1214 1730 1318 1795 verbis
1334 1731 1422 1824 ¹sumi
1453 1739 1550 1814 potu-

281 1837 396 1900 erunt?
448 1837 555 1904 Nihilo
583 1839 680 1902 setius
708 1839 882 1902 contendit:
914 1839 1002 1902 Idem
1035 1836 1090 1918 (sc.
1115 1835 1259 1917 Ovidius)
1288 1836 1393 1917 refert.
1443 1839 1551 1913 Quare

279 1950 406 2026 apparet
429 1964 490 2006 non
513 1942 661 2007 Ovidium
684 1944 736 2006 sed
760 1942 896 2025 aliquem
920 1942 1078 2020 libellum,
1101 1943 1134 2004 in
1157 1963 1217 2025 quo
1240 1942 1345 2006 sabula
1366 1943 1553 2009 Theodorou
1590 2017 1591 2038 ,

279 2047 418 2130 amplior⁴
437 2048 604 2129 legebatur,
629 2056 814 2133 usurpatum
837 2069 903 2111 esse
924 2048 962 2111 ad
985 2047 1064 2110 hanc
1087 2031 1225 2112 sahulem
1247 2049 1448 2126 narrandam,
1476 2057 1551 2113 turn
1590 2055 1591 2100 1

280 2175 315 2217 eo
335 2154 417 2236 quod
434 2154 571 2239 exempli
591 2154 689 2236 gratia
704 2154 750 2217 ibi
765 2155 926 2217 exstiterat
943 2153 1036 2234 „haec
1055 2154 1132 2218 dicit
1148 2154 1334 2232 Theodorus
1357 2175 1449 2238 quem
1471 2156 1552 2218 Ovi·
1590 2217 1591 2220 ,

280 2257 518 2346 diussequitur“
534 2280 677 2343 perverso
689 2280 767 2342 quae
782 2260 934 2324 Theodori
946 2259 1051 2323 fabula
1067 2270 1121 2336 est,
1145 2259 1255 2324 Ouidio
1267 2261 1454 2345 adscriptam
1469 2283 1551 2324 esse.
1590 2275 1591 2326 l

366 2364 414 2427 SG
436 2366 460 2442 l,
470 2365 531 2428 378
553 2387 740 2449 quamquam
759 2350 914 2449 professus
936 2373 1029 2428 estse
1046 2364 1193 2430 Ovidium
1216 2354 1314 2450 sequi,
1337 2366 1422 2429 hisce
1438 2367 1554 2429 verbis
1590 2355 1591 2432 1

282 2491 368 2534 orsus
391 2478 437 2533 est
454 2471 593 2535 fabulam
614 2471 779 2553 Lyciorum
801 2472 1005 2535 rusticorum:
1029 2492 1104 2534 nam
1128 2478 1163 2535 ut
1186 2471 1320 2536 Ovidius
1339 2472 1426 2553 dicit,
1452 2472 1555 2536 Ceres

283 2595 353 2639 cum
367 2575 594 2660 Proserpinam
609 2585 771 2661 quaereret
786 2585 842 2640 etc.
875 2578 1013 2642 Ubinam
1028 2577 1084 2640 hoc
1102 2577 1227 2662 scripsit
1245 2577 1398 2642 Ovidius?
1441 2579 1556 2642 Immo
1590 2579 1591 2592 ¹

281 2681 405 2752 invenis
441 2681 529 2745 Ouid.
562 2683 635 2745 Met.
667 2683 790 2761 V1,317
824 2685 974 2747 Latonam
1002 2684 1150 2767 Apolline
1186 2693 1217 2747 et
1247 2684 1347 2747 Diana
1382 2684 1557 2766 gravidam

281 2787 412 2851 rusticos
441 2796 586 2852 mutasse.
636 2789 778 2852 Conicias
808 2789 904 2871 igitur
934 2790 1009 2854 duas
1043 2790 1234 2854 narrationes
1265 2812 1361 2854 unam
1382 2789 1496 2853 Ovidii
1523 2800 1558 2853 et

282 2915 395 2958 nomen
417 2894 484 2956 eius
506 2896 716 2978 praebentem,
749 2895 879 2959 alteram
901 2897 940 2958 ab
961 2896 1072 2960 Ouidio
1094 2896 1310 2976 abhorrentem
1333 2896 1498 2960 exstitisse
1525 2907 1560 2959 et
1581 2919 1591 2936 ‘¹

281 2999 358 3064 salso
381 3021 495 3063 nomen
517 2999 622 3064 Ovidii
651 3008 808 3064 retentum
830 3008 860 3064 et
889 3002 1044 3066 diversam
1074 2982 1282 3066 narrationem
1314 3002 1446 3065 electam
1473 3025 1557 3066 esse.

281 3106 385 3184 idem,
418 3106 499 3189 quod
520 3105 557 3183 S,
587 3107 713 3189 praebet
742 3107 795 3170 BG
817 3108 912 3185 1,378
939 3109 992 3170 sed
1013 3108 1116 3171 addit:
1147 3108 1312 3172 Modestus
1334 3107 1396 3184 ait,
1427 3107 1561 3189 Dycios

276 3217 432 3294 pastores,
452 3211 1170 3294 1111111011111111111111111119113111,
1195 3216 1229 3277 in
1248 3233 1348 3276 runos
1369 3225 1559 3290 conversos.

282 3317 419 3381 Videsne
452 3324 487 3379 ut
520 3337 621 3380 resse
653 3317 788 3382 habeat?
830 3319 986 3382 Modestus
1018 3320 1084 3383 sive
1115 3319 1223 3383 eodem
1251 3318 1454 3403 compendio,
1490 3343 1562 3404 quo

282 3405 465 3487 scholiastae
487 3422 615 3505 reliqui,
644 3445 717 3486 usus
736 3432 782 3488 est
804 3424 871 3488 sive
893 3425 1040 3489 Ovidium
1063 3425 1167 3510 ipsum
1189 3427 1276 3504 adiit,
1300 3425 1441 3489 fabulam
1475 3426 1561 3490 Ovi-

283 3528 408 3592 dianam
432 3537 514 3592 recte
536 3538 722 3608 servaverat,
746 3539 985 3613 quemsecutus
1003 3533 1028 3595 B
1050 3532 1101 3595 rel
1124 3532 1190 3595 eius
1212 3535 1279 3594 lons
1301 3531 1478 3594 erroremS
1504 3535 1563 3598 vel

282 3635 349 3698 eius
370 3635 464 3698 fontis
489 3635 630 3698 correxit.

364 3741 450 3816 Quod
477 3741 515 3804 de
544 3741 674 3825 Daphne
702 3742 753 3804 PB
777 3742 882 3820 111,6·2
912 3742 1114 3807 Parthenium
1145 3745 1246 3808 dicere
1274 3743 1386 3822 tradit,
1420 3743 1565 3808 invenis

281 3847 364 3930 apud
387 3845 490 3909 Parth.
515 3869 539 3909 c.
566 3848 611 3910 15.

364 3951 524 4015 Tredecim
555 3952 651 4034 igitur
673 3953 755 4016 inter
776 3953 891 4035 viginti
914 3960 944 4016 et
966 3955 1026 4018 duo
1048 3954 1227 4018 testimonia
1256 3975 1441 4038 possumus,
1478 3979 1566 4041 quo-

281 4055 367 4119 niam
398 4057 561 4141 scriptores
592 4059 649 4122 soli
678 4058 864 4122 Parthenius
893 4066 924 4121 et
956 4059 1086 4122 Ovidius
1116 4067 1249 4123 aetatem
1279 4059 1442 4140 tulerunt,
1481 4087 1567 4128 curn

281 4158 347 4224 suis
368 4163 545 4227 auctoribus
574 4185 759 4248 comparare.
811 4166 930 4228 Horum
958 4166 1107 4228 tredecim
1137 4173 1219 4228 recte
1241 4167 1497 4232 Parthenianum
1535 4186 1568 4236 et

282 4266 387 4333 Ovidii
409 4291 462 4335 sex
483 4270 662 4360 testimonia
679 4272 773 4337 allata
794 4278 876 4351 sunt,
899 4285 1078 4336 sexantem
1101 4293 1162 4334 non
1184 4279 1273 4336 recte.
1383 4331 1385 4338 ,
