<?xml version="1.0" encoding="UTF-8"?>
<!DOCTYPE html PUBLIC "-//W3C//DTD XHTML 1.0 Transitional//EN"
    "http://www.w3.org/TR/xhtml1/DTD/xhtml1-transitional.dtd">
<html xmlns="http://www.w3.org/1999/xhtml" xml:lang="en" lang="en">
 <head>
  <title>
</title>
<meta http-equiv="Content-Type" content="text/html;charset=utf-8" />
  <meta name='ocr-system' content='tesseract 3.04.00' />
  <meta name='ocr-capabilities' content='ocr_page ocr_carea ocr_par ocr_line ocrx_word'/>
</head>
<body>
  <div class='ocr_page' id='page_1' title='image "./demetamorphoseo00leusgoog_0040.png"; bbox 0 0 3218 5172; ppageno 0'>
   <div class='ocr_carea' id='block_1_1' title="bbox 672 349 712 412">
    <p class='ocr_par' dir='ltr' id='par_1_1' title="bbox 672 349 712 412">
     <span class='ocr_line' id='line_1_1' title="bbox 672 349 712 412; baseline 0 0"><span class='ocrx_word' id='word_1_1' title='bbox 672 349 712 412; x_wconf 85' lang='lat'><strong>35</strong></span> 
     </span>
    </p>
   </div>
   <div class='ocr_carea' id='block_1_2' title="bbox 9 529 1343 4336">
    <p class='ocr_par' dir='ltr' id='par_1_2' title="bbox 9 529 1330 2102">
     <span class='ocr_line' id='line_1_2' title="bbox 63 529 1324 615; baseline 0.001 -22"><span class='ocrx_word' id='word_1_2' title='bbox 63 530 228 613; x_wconf 78' lang='lat' dir='ltr'><strong>Naufragio</strong></span> <span class='ocrx_word' id='word_1_3' title='bbox 250 531 330 594; x_wconf 87' lang='lat' dir='ltr'><strong>lacto</strong></span> <span class='ocrx_word' id='word_1_4' title='bbox 352 551 423 594; x_wconf 89' lang='lat' dir='ltr'><strong>cum</strong></span> <span class='ocrx_word' id='word_1_5' title='bbox 445 551 554 614; x_wconf 90' lang='lat' dir='ltr'><strong>corpus</strong></span> <span class='ocrx_word' id='word_1_6' title='bbox 577 529 686 614; x_wconf 84' lang='lat' dir='ltr'><strong>Ceycis</strong></span> <span class='ocrx_word' id='word_1_7' title='bbox 713 530 751 594; x_wconf 90' lang='lat' dir='ltr'><strong>ad</strong></span> <span class='ocrx_word' id='word_1_8' title='bbox 781 530 857 593; x_wconf 91' lang='lat' dir='ltr'><strong>litus</strong></span> <span class='ocrx_word' id='word_1_9' title='bbox 878 529 1042 615; x_wconf 90' lang='lat' dir='ltr'><strong>appulsum</strong></span> <span class='ocrx_word' id='word_1_10' title='bbox 1067 538 1163 610; x_wconf 89' lang='lat' dir='ltr'><strong>esset,</strong></span> <span class='ocrx_word' id='word_1_11' title='bbox 1185 529 1324 614; x_wconf 82' lang='lat' dir='ltr'><strong>Alcyone</strong></span> 
     </span>
     <span class='ocr_line' id='line_1_3' title="bbox 62 636 1325 721; baseline 0.002 -22"><span class='ocrx_word' id='word_1_12' title='bbox 62 637 172 701; x_wconf 91' lang='lat' dir='ltr'><strong>marito</strong></span> <span class='ocrx_word' id='word_1_13' title='bbox 201 636 323 720; x_wconf 85' lang='lat' dir='ltr'><strong>cognito</strong></span> <span class='ocrx_word' id='word_1_14' title='bbox 354 636 386 698; x_wconf 94' lang='lat' dir='ltr'><strong>in</strong></span> <span class='ocrx_word' id='word_1_15' title='bbox 408 637 521 700; x_wconf 87' lang='lat' dir='ltr'><strong>molem</strong></span> <span class='ocrx_word' id='word_1_16' title='bbox 549 637 705 720; x_wconf 86' lang='lat' dir='ltr'><strong>quandam</strong></span> <span class='ocrx_word' id='word_1_17' title='bbox 729 637 914 721; x_wconf 87' lang='lat' dir='ltr'><strong>properavit,</strong></span> <span class='ocrx_word' id='word_1_18' title='bbox 939 644 1034 700; x_wconf 91' lang='lat' dir='ltr'><strong>ut-</strong></span> <span class='ocrx_word' id='word_1_19' title='bbox 1058 637 1103 701; x_wconf 90' lang='lat' dir='ltr'><strong>sic</strong></span> <span class='ocrx_word' id='word_1_20' title='bbox 1133 659 1171 700; x_wconf 89' lang='lat' dir='ltr'><strong>ex</strong></span> <span class='ocrx_word' id='word_1_21' title='bbox 1199 657 1232 700; x_wconf 91' lang='lat' dir='ltr'><strong>re</strong></span> <span class='ocrx_word' id='word_1_22' title='bbox 1254 658 1325 701; x_wconf 93' lang='lat' dir='ltr'><strong>con·</strong></span> 
     </span>
     <span class='ocr_line' id='line_1_4' title="bbox 63 742 1326 827; baseline 0.001 -22"><span class='ocrx_word' id='word_1_23' title='bbox 63 743 167 807; x_wconf 89' lang='lat' dir='ltr'><strong>eludes</strong></span> <span class='ocrx_word' id='word_1_24' title='bbox 188 779 229 786; x_wconf 94' lang='lat'><em>-</em></span> <span class='ocrx_word' id='word_1_25' title='bbox 250 764 283 806; x_wconf 89' lang='lat' dir='ltr'><strong>se</strong></span> <span class='ocrx_word' id='word_1_26' title='bbox 301 742 335 806; x_wconf 93' lang='lat' dir='ltr'><strong>in</strong></span> <span class='ocrx_word' id='word_1_27' title='bbox 357 763 442 805; x_wconf 88' lang='lat' dir='ltr'><strong>mare</strong></span> <span class='ocrx_word' id='word_1_28' title='bbox 465 742 632 826; x_wconf 87' lang='lat' dir='ltr'><strong>proiceret:</strong></span> <span class='ocrx_word' id='word_1_29' title='bbox 663 751 737 806; x_wconf 89' lang='lat' dir='ltr'><strong>tnnc</strong></span> <span class='ocrx_word' id='word_1_30' title='bbox 767 751 887 806; x_wconf 88' lang='lat' dir='ltr'><strong>mutata</strong></span> <span class='ocrx_word' id='word_1_31' title='bbox 909 751 964 806; x_wconf 90' lang='grc'><strong>001.</strong></span> <span class='ocrx_word' id='word_1_32' title='bbox 1020 744 1114 807; x_wconf 91' lang='lat' dir='ltr'><strong>Paulo</strong></span> <span class='ocrx_word' id='word_1_33' title='bbox 1142 751 1209 827; x_wconf 91' lang='lat' dir='ltr'><strong>post</strong></span> <span class='ocrx_word' id='word_1_34' title='bbox 1230 743 1326 807; x_wconf 88' lang='lat' dir='ltr'><strong>etiarn</strong></span> 
     </span>
     <span class='ocr_line' id='line_1_5' title="bbox 25 849 1327 934; baseline -0.002 -20"><span class='ocrx_word' id='word_1_35' title='bbox 25 915 27 920; x_wconf 80' lang='grc'><strong>,</strong></span> <span class='ocrx_word' id='word_1_36' title='bbox 64 853 146 934; x_wconf 85' lang='lat' dir='ltr'><strong>Ceyx</strong></span> <span class='ocrx_word' id='word_1_37' title='bbox 179 851 306 914; x_wconf 91' lang='lat' dir='ltr'><strong>deorum</strong></span> <span class='ocrx_word' id='word_1_38' title='bbox 338 850 536 913; x_wconf 85' lang='lat' dir='ltr'><strong>miseratione</strong></span> <span class='ocrx_word' id='word_1_39' title='bbox 570 857 709 914; x_wconf 89' lang='lat' dir='ltr'><strong>mutatus</strong></span> <span class='ocrx_word' id='word_1_40' title='bbox 736 850 827 914; x_wconf 83' lang='lat' dir='ltr'>Aeoli</span> <span class='ocrx_word' id='word_1_41' title='bbox 865 850 964 932; x_wconf 88' lang='lat' dir='ltr'><strong>gratia</strong></span> <span class='ocrx_word' id='word_1_42' title='bbox 999 849 1205 933; x_wconf 85' lang='lat' dir='ltr'><strong>tranquillum</strong></span> <span class='ocrx_word' id='word_1_43' title='bbox 1242 869 1327 913; x_wconf 88' lang='lat' dir='ltr'><strong>mare</strong></span> 
     </span>
     <span class='ocr_line' id='line_1_6' title="bbox 64 955 1325 1041; baseline 0 -21"><span class='ocrx_word' id='word_1_44' title='bbox 64 979 116 1041; x_wconf 89' lang='lat' dir='ltr'><strong>per</strong></span> <span class='ocrx_word' id='word_1_45' title='bbox 139 964 257 1041; x_wconf 80' lang='lat' dir='ltr'>septem</span> <span class='ocrx_word' id='word_1_46' title='bbox 280 957 347 1020; x_wconf 88' lang='lat' dir='ltr'><strong>dies</strong></span> <span class='ocrx_word' id='word_1_47' title='bbox 369 978 491 1041; x_wconf 90' lang='lat' dir='ltr'><strong>quaque</strong></span> <span class='ocrx_word' id='word_1_48' title='bbox 513 957 615 1020; x_wconf 91' lang='lat' dir='ltr'><strong>hieme</strong></span> <span class='ocrx_word' id='word_1_49' title='bbox 639 966 769 1022; x_wconf 84' lang='lat' dir='ltr'><strong>nanctus</strong></span> <span class='ocrx_word' id='word_1_50' title='bbox 791 967 838 1021; x_wconf 89' lang='lat' dir='ltr'><strong>est·</strong></span> <span class='ocrx_word' id='word_1_51' title='bbox 861 957 907 1037; x_wconf 91' lang='lat' dir='ltr'><strong>„si</strong></span> <span class='ocrx_word' id='word_1_52' title='bbox 930 979 986 1021; x_wconf 90' lang='lat' dir='ltr'><strong>ova</strong></span> <span class='ocrx_word' id='word_1_53' title='bbox 1008 955 1225 1041; x_wconf 85' lang='lat' dir='ltr'><strong>rumpuntnr“.</strong></span> <span class='ocrx_word' id='word_1_54' title='bbox 1271 957 1325 1020; x_wconf 86' lang='lat' dir='ltr'><strong>Na-</strong></span> 
     </span>
     <span class='ocr_line' id='line_1_7' title="bbox 65 1063 1326 1148; baseline -0.002 -22"><span class='ocrx_word' id='word_1_55' title='bbox 65 1064 135 1126; x_wconf 89' lang='lat' dir='ltr'><strong>bula</strong></span> <span class='ocrx_word' id='word_1_56' title='bbox 158 1063 311 1126; x_wconf 87' lang='lat' dir='ltr'><strong>Ovidiana</strong></span> <span class='ocrx_word' id='word_1_57' title='bbox 335 1063 491 1146; x_wconf 78' lang='lat' dir='ltr'><strong>Alcyones</strong></span> <span class='ocrx_word' id='word_1_58' title='bbox 516 1063 554 1126; x_wconf 87' lang='grc'><strong>011</strong></span> <span class='ocrx_word' id='word_1_59' title='bbox 578 1063 770 1127; x_wconf 81' lang='lat' dir='ltr'><strong>Nicandrum</strong></span> <span class='ocrx_word' id='word_1_60' title='bbox 792 1065 889 1140; x_wconf 89' lang='lat' dir='ltr'><strong>redit,</strong></span> <span class='ocrx_word' id='word_1_61' title='bbox 920 1063 975 1146; x_wconf 92' lang='lat' dir='ltr'><strong>qui</strong></span> <span class='ocrx_word' id='word_1_62' title='bbox 998 1064 1126 1148; x_wconf 91' lang='lat' dir='ltr'><strong>primus,</strong></span> <span class='ocrx_word' id='word_1_63' title='bbox 1150 1084 1243 1147; x_wconf 92' lang='lat' dir='ltr'><strong>quem</strong></span> <span class='ocrx_word' id='word_1_64' title='bbox 1272 1082 1326 1124; x_wconf 92' lang='lat' dir='ltr'><strong>nos</strong></span> 
     </span>
     <span class='ocr_line' id='line_1_8' title="bbox 64 1166 1327 1253; baseline -0.004 -19"><span class='ocrx_word' id='word_1_65' title='bbox 64 1171 190 1253; x_wconf 91' lang='lat' dir='ltr'><strong>quidem</strong></span> <span class='ocrx_word' id='word_1_66' title='bbox 219 1170 351 1246; x_wconf 88' lang='lat' dir='ltr'><strong>scimus,</strong></span> <span class='ocrx_word' id='word_1_67' title='bbox 382 1167 576 1232; x_wconf 85' lang='lat' dir='ltr'><strong>historiolam</strong></span> <span class='ocrx_word' id='word_1_68' title='bbox 600 1169 721 1232; x_wconf 90' lang='lat' dir='ltr'><strong>dierum</strong></span> <span class='ocrx_word' id='word_1_69' title='bbox 751 1169 971 1252; x_wconf 90' lang='lat' dir='ltr'><strong>alcyoneorum</strong></span> <span class='ocrx_word' id='word_1_70' title='bbox 993 1190 1065 1232; x_wconf 90' lang='lat' dir='ltr'><strong>curn</strong></span> <span class='ocrx_word' id='word_1_71' title='bbox 1087 1166 1327 1252; x_wconf 87' lang='lat' dir='ltr'><strong>metamorphosi</strong></span> 
     </span>
     <span class='ocr_line' id='line_1_9' title="bbox 65 1274 1327 1356; baseline -0.002 -17"><span class='ocrx_word' id='word_1_72' title='bbox 65 1277 226 1340; x_wconf 89' lang='lat' dir='ltr'><strong>coniunxit</strong></span> <span class='ocrx_word' id='word_1_73' title='bbox 248 1274 301 1356; x_wconf 88' lang='lat' dir='ltr'><strong>(cl.</strong></span> <span class='ocrx_word' id='word_1_74' title='bbox 318 1274 529 1340; x_wconf 83' lang='lat' dir='ltr'><strong>Wilamowitz</strong></span> <span class='ocrx_word' id='word_1_75' title='bbox 548 1276 679 1337; x_wconf 89' lang='lat' dir='ltr'><strong>Hermae</strong></span> <span class='ocrx_word' id='word_1_76' title='bbox 696 1275 811 1352; x_wconf 81' lang='lat' dir='ltr'><strong>XVlll,</strong></span> <span class='ocrx_word' id='word_1_77' title='bbox 821 1276 881 1337; x_wconf 81' lang='lat'><strong>419</strong></span> <span class='ocrx_word' id='word_1_78' title='bbox 898 1283 928 1338; x_wconf 92' lang='lat' dir='ltr'><strong>et</strong></span> <span class='ocrx_word' id='word_1_79' title='bbox 944 1276 984 1338; x_wconf 88' lang='lat' dir='ltr'><strong>M.</strong></span> <span class='ocrx_word' id='word_1_80' title='bbox 998 1275 1179 1340; x_wconf 86' lang='lat' dir='ltr'><strong>Wellmann</strong></span> <span class='ocrx_word' id='word_1_81' title='bbox 1195 1275 1327 1337; x_wconf 90' lang='lat' dir='ltr'><strong>Hermae</strong></span> 
     </span>
     <span class='ocr_line' id='line_1_10' title="bbox 65 1378 1327 1463; baseline -0.003 -18"><span class='ocrx_word' id='word_1_82' title='bbox 65 1379 272 1462; x_wconf 73' lang='grc'><strong>1111115111).</strong></span> <span class='ocrx_word' id='word_1_83' title='bbox 310 1383 428 1463; x_wconf 88' lang='lat' dir='ltr'><strong>ltaque,</strong></span> <span class='ocrx_word' id='word_1_84' title='bbox 452 1379 576 1443; x_wconf 89' lang='lat' dir='ltr'><strong>etiarnsi</strong></span> <span class='ocrx_word' id='word_1_85' title='bbox 599 1380 816 1463; x_wconf 83' lang='lat' dir='ltr'><strong>compendium</strong></span> <span class='ocrx_word' id='word_1_86' title='bbox 840 1402 902 1443; x_wconf 93' lang='lat' dir='ltr'><strong>non</strong></span> <span class='ocrx_word' id='word_1_87' title='bbox 925 1402 962 1443; x_wconf 87' lang='lat' dir='ltr'><strong>ex</strong></span> <span class='ocrx_word' id='word_1_88' title='bbox 978 1380 1098 1458; x_wconf 85' lang='lat' dir='ltr'><strong>Ovidic,</strong></span> <span class='ocrx_word' id='word_1_89' title='bbox 1122 1380 1174 1443; x_wconf 89' lang='lat' dir='ltr'><strong>sed</strong></span> <span class='ocrx_word' id='word_1_90' title='bbox 1198 1378 1327 1442; x_wconf 83' lang='grc' dir='ltr'><strong>010νί-</strong></span> 
     </span>
     <span class='ocr_line' id='line_1_11' title="bbox 65 1485 1328 1572; baseline -0.001 -23"><span class='ocrx_word' id='word_1_91' title='bbox 65 1488 135 1550; x_wconf 87' lang='lat' dir='ltr'><strong>dius</strong></span> <span class='ocrx_word' id='word_1_92' title='bbox 156 1488 223 1572; x_wconf 90' lang='lat' dir='ltr'><strong>ipse</strong></span> <span class='ocrx_word' id='word_1_93' title='bbox 246 1509 281 1550; x_wconf 85' lang='lat' dir='ltr'><strong>ex</strong></span> <span class='ocrx_word' id='word_1_94' title='bbox 307 1486 462 1550; x_wconf 77' lang='lat' dir='ltr'><strong>Nicandro</strong></span> <span class='ocrx_word' id='word_1_95' title='bbox 485 1485 598 1563; x_wconf 87' lang='lat' dir='ltr'><strong>hausit,</strong></span> <span class='ocrx_word' id='word_1_96' title='bbox 622 1507 683 1549; x_wconf 91' lang='lat' dir='ltr'><strong>non</strong></span> <span class='ocrx_word' id='word_1_97' title='bbox 706 1494 752 1548; x_wconf 89' lang='grc'><strong>001</strong></span> <span class='ocrx_word' id='word_1_98' title='bbox 774 1485 899 1564; x_wconf 86' lang='grc'><strong>1111111111,</strong></span> <span class='ocrx_word' id='word_1_99' title='bbox 923 1485 950 1548; x_wconf 89' lang='grc'><strong>01</strong></span> <span class='ocrx_word' id='word_1_100' title='bbox 973 1486 1021 1548; x_wconf 87' lang='lat' dir='ltr'><strong>SG</strong></span> <span class='ocrx_word' id='word_1_101' title='bbox 1044 1487 1137 1564; x_wconf 83' lang='lat'><strong>1,399</strong></span> <span class='ocrx_word' id='word_1_102' title='bbox 1161 1487 1213 1549; x_wconf 89' lang='lat' dir='ltr'><strong>BG</strong></span> <span class='ocrx_word' id='word_1_103' title='bbox 1236 1485 1328 1564; x_wconf 81' lang='lat'><strong>1,399</strong></span> 
     </span>
     <span class='ocr_line' id='line_1_12' title="bbox 64 1591 1327 1674; baseline -0.002 -18"><span class='ocrx_word' id='word_1_104' title='bbox 64 1595 114 1656; x_wconf 86' lang='lat' dir='ltr'><strong>PG</strong></span> <span class='ocrx_word' id='word_1_105' title='bbox 137 1597 161 1673; x_wconf 95' lang='lat' dir='ltr'><strong>l,</strong></span> <span class='ocrx_word' id='word_1_106' title='bbox 170 1595 231 1658; x_wconf 84' lang='lat'><strong>399</strong></span> <span class='ocrx_word' id='word_1_107' title='bbox 252 1594 287 1657; x_wconf 93' lang='lat' dir='ltr'><strong>in</strong></span> <span class='ocrx_word' id='word_1_108' title='bbox 309 1593 490 1656; x_wconf 88' lang='lat' dir='ltr'><strong>universum</strong></span> <span class='ocrx_word' id='word_1_109' title='bbox 520 1613 590 1655; x_wconf 91' lang='lat' dir='ltr'><strong>curn</strong></span> <span class='ocrx_word' id='word_1_110' title='bbox 614 1591 725 1655; x_wconf 77' lang='lat' dir='ltr'><strong>Ouidio</strong></span> <span class='ocrx_word' id='word_1_111' title='bbox 755 1601 936 1674; x_wconf 84' lang='lat' dir='ltr'><strong>congruunt.</strong></span> <span class='ocrx_word' id='word_1_112' title='bbox 991 1594 1073 1668; x_wconf 85' lang='lat' dir='ltr'><strong>Quae</strong></span> <span class='ocrx_word' id='word_1_113' title='bbox 1096 1614 1167 1656; x_wconf 92' lang='lat' dir='ltr'><strong>cum</strong></span> <span class='ocrx_word' id='word_1_114' title='bbox 1190 1593 1234 1656; x_wconf 88' lang='lat' dir='ltr'><strong>ita</strong></span> <span class='ocrx_word' id='word_1_115' title='bbox 1255 1593 1327 1669; x_wconf 89' lang='lat' dir='ltr'><strong>sint,</strong></span> 
     </span>
     <span class='ocr_line' id='line_1_13' title="bbox 9 1699 1329 1785; baseline -0.002 -21"><span class='ocrx_word' id='word_1_116' title='bbox 9 1719 14 1728; x_wconf 90' lang='lat'>·</span> <span class='ocrx_word' id='word_1_117' title='bbox 64 1701 159 1765; x_wconf 89' lang='lat' dir='ltr'><strong>etiam</strong></span> <span class='ocrx_word' id='word_1_118' title='bbox 182 1701 343 1784; x_wconf 88' lang='lat' dir='ltr'><strong>alcyoneos</strong></span> <span class='ocrx_word' id='word_1_119' title='bbox 364 1700 431 1762; x_wconf 90' lang='lat' dir='ltr'><strong>dies</strong></span> <span class='ocrx_word' id='word_1_120' title='bbox 449 1699 595 1774; x_wconf 83' lang='lat' dir='ltr'><strong>Ovidium</strong></span> <span class='ocrx_word' id='word_1_121' title='bbox 619 1707 650 1762; x_wconf 92' lang='lat' dir='ltr'><strong>et</strong></span> <span class='ocrx_word' id='word_1_122' title='bbox 673 1699 853 1763; x_wconf 80' lang='lat' dir='ltr'><strong>scholiastes</strong></span> <span class='ocrx_word' id='word_1_123' title='bbox 876 1715 994 1785; x_wconf 87' lang='lat' dir='ltr'><strong>septem</strong></span> <span class='ocrx_word' id='word_1_124' title='bbox 1017 1720 1083 1762; x_wconf 92' lang='lat' dir='ltr'><strong>esse</strong></span> <span class='ocrx_word' id='word_1_125' title='bbox 1105 1699 1244 1762; x_wconf 91' lang='lat' dir='ltr'><strong>dicentes</strong></span> <span class='ocrx_word' id='word_1_126' title='bbox 1268 1720 1329 1762; x_wconf 90' lang='lat' dir='ltr'><strong>non</strong></span> 
     </span>
     <span class='ocr_line' id='line_1_14' title="bbox 64 1807 1330 1891; baseline -0.002 -21"><span class='ocrx_word' id='word_1_127' title='bbox 64 1808 229 1871; x_wconf 90' lang='lat' dir='ltr'><strong>miraberis</strong></span> <span class='ocrx_word' id='word_1_128' title='bbox 248 1807 320 1871; x_wconf 90' lang='lat' dir='ltr'><strong>aliis</strong></span> <span class='ocrx_word' id='word_1_129' title='bbox 347 1807 595 1891; x_wconf 90' lang='lat' dir='ltr'><strong>quattuordecim</strong></span> <span class='ocrx_word' id='word_1_130' title='bbox 618 1827 683 1870; x_wconf 91' lang='grc'><strong>0000</strong></span> <span class='ocrx_word' id='word_1_131' title='bbox 705 1807 974 1870; x_wconf 72' lang='lat' dir='ltr'><strong>contendentibus</strong></span> <span class='ocrx_word' id='word_1_132' title='bbox 1028 1807 1108 1870; x_wconf 85' lang='grc'><strong>’111111</strong></span> <span class='ocrx_word' id='word_1_133' title='bbox 1130 1807 1330 1869; x_wconf 87' lang='lat' dir='ltr'><strong>confirmatur</strong></span> 
     </span>
     <span class='ocr_line' id='line_1_15' title="bbox 65 1911 1330 1995; baseline -0.001 -20"><span class='ocrx_word' id='word_1_134' title='bbox 65 1913 222 1976; x_wconf 84' lang='lat' dir='ltr'><strong>sententia</strong></span> <span class='ocrx_word' id='word_1_135' title='bbox 252 1935 287 1976; x_wconf 85' lang='lat' dir='ltr'><strong>ea</strong></span> <span class='ocrx_word' id='word_1_136' title='bbox 320 1934 368 1989; x_wconf 93' lang='lat' dir='ltr'><strong>re,</strong></span> <span class='ocrx_word' id='word_1_137' title='bbox 409 1912 488 1995; x_wconf 91' lang='lat' dir='ltr'><strong>quod</strong></span> <span class='ocrx_word' id='word_1_138' title='bbox 520 1911 651 1975; x_wconf 85' lang='lat' dir='ltr'><strong>Ovidius</strong></span> <span class='ocrx_word' id='word_1_139' title='bbox 683 1912 778 1975; x_wconf 84' lang='lat' dir='ltr'><strong>tradit</strong></span> <span class='ocrx_word' id='word_1_140' title='bbox 810 1912 1009 1976; x_wconf 90' lang='lat' dir='ltr'><strong>miseratione</strong></span> <span class='ocrx_word' id='word_1_141' title='bbox 1038 1913 1166 1976; x_wconf 91' lang='lat' dir='ltr'><strong>deorum</strong></span> <span class='ocrx_word' id='word_1_142' title='bbox 1195 1919 1330 1974; x_wconf 88' lang='lat' dir='ltr'><strong>mutatas</strong></span> 
     </span>
     <span class='ocr_line' id='line_1_16' title="bbox 65 2018 1081 2102; baseline 0 -20"><span class='ocrx_word' id='word_1_143' title='bbox 65 2020 205 2102; x_wconf 90' lang='lat' dir='ltr'><strong>dicitque</strong></span> <span class='ocrx_word' id='word_1_144' title='bbox 227 2019 248 2082; x_wconf 87' lang='lat' dir='ltr'>S</span> <span class='ocrx_word' id='word_1_145' title='bbox 271 2019 414 2084; x_wconf 89' lang='lat' dir='ltr'><strong>Thetidis</strong></span> <span class='ocrx_word' id='word_1_146' title='bbox 436 2026 467 2081; x_wconf 90' lang='lat' dir='ltr'><strong>et</strong></span> <span class='ocrx_word' id='word_1_147' title='bbox 491 2018 635 2097; x_wconf 75' lang='lat' dir='ltr'><strong>Luciferi,</strong></span> <span class='ocrx_word' id='word_1_148' title='bbox 660 2019 684 2081; x_wconf 83' lang='lat' dir='ltr'><strong>ll</strong></span> <span class='ocrx_word' id='word_1_149' title='bbox 707 2019 850 2082; x_wconf 87' lang='lat' dir='ltr'><strong>Thetidis</strong></span> <span class='ocrx_word' id='word_1_150' title='bbox 872 2020 1081 2083; x_wconf 90' lang='lat' dir='ltr'><strong>miseratione.</strong></span> 
     </span>
    </p>

    <p class='ocr_par' dir='ltr' id='par_1_3' title="bbox 64 2123 1332 2954">
     <span class='ocr_line' id='line_1_17' title="bbox 148 2123 1330 2209; baseline -0.001 -22"><span class='ocrx_word' id='word_1_151' title='bbox 148 2125 295 2209; x_wconf 88' lang='lat' dir='ltr'><strong>Opheltes</strong></span> <span class='ocrx_word' id='word_1_152' title='bbox 318 2125 444 2208; x_wconf 88' lang='lat' dir='ltr'><strong>quidam</strong></span> <span class='ocrx_word' id='word_1_153' title='bbox 468 2160 508 2167; x_wconf 89' lang='lat'><em>—</em></span> <span class='ocrx_word' id='word_1_154' title='bbox 531 2132 565 2187; x_wconf 92' lang='lat' dir='ltr'><strong>ut</strong></span> <span class='ocrx_word' id='word_1_155' title='bbox 587 2133 692 2188; x_wconf 88' lang='lat' dir='ltr'><strong>narrat</strong></span> <span class='ocrx_word' id='word_1_156' title='bbox 708 2124 838 2188; x_wconf 85' lang='lat' dir='ltr'><strong>Ovidius</strong></span> <span class='ocrx_word' id='word_1_157' title='bbox 860 2127 1089 2203; x_wconf 77' lang='grc'><strong>111591-691</strong></span> <span class='ocrx_word' id='word_1_158' title='bbox 1114 2161 1153 2168; x_wconf 92' lang='grc'>-</span> <span class='ocrx_word' id='word_1_159' title='bbox 1175 2123 1330 2188; x_wconf 84' lang='grc'><strong>1111001110</strong></span> 
     </span>
     <span class='ocr_line' id='line_1_18' title="bbox 64 2231 1330 2316; baseline -0.001 -21"><span class='ocrx_word' id='word_1_160' title='bbox 64 2234 125 2295; x_wconf 82' lang='lat' dir='ltr'><strong>Cea</strong></span> <span class='ocrx_word' id='word_1_161' title='bbox 147 2251 296 2316; x_wconf 89' lang='lat' dir='ltr'><strong>puerum,</strong></span> <span class='ocrx_word' id='word_1_162' title='bbox 320 2231 374 2315; x_wconf 93' lang='lat' dir='ltr'><strong>qui</strong></span> <span class='ocrx_word' id='word_1_163' title='bbox 397 2231 639 2310; x_wconf 88' lang='grc' dir='ltr'><strong>0101Βο0011110,</strong></span> <span class='ocrx_word' id='word_1_164' title='bbox 671 2232 842 2296; x_wconf 83' lang='lat' dir='ltr'><strong>invenerat.</strong></span> <span class='ocrx_word' id='word_1_165' title='bbox 894 2233 952 2296; x_wconf 90' lang='lat' dir='ltr'><strong>llle</strong></span> <span class='ocrx_word' id='word_1_166' title='bbox 981 2254 1053 2296; x_wconf 92' lang='lat' dir='ltr'><strong>cum</strong></span> <span class='ocrx_word' id='word_1_167' title='bbox 1076 2233 1149 2297; x_wconf 89' lang='lat' dir='ltr'><strong>vinc</strong></span> <span class='ocrx_word' id='word_1_168' title='bbox 1171 2240 1202 2295; x_wconf 88' lang='lat' dir='ltr'><strong>et</strong></span> <span class='ocrx_word' id='word_1_169' title='bbox 1224 2252 1330 2296; x_wconf 89' lang='lat' dir='ltr'><strong>somno</strong></span> 
     </span>
     <span class='ocr_line' id='line_1_19' title="bbox 64 2337 1331 2424; baseline 0 -23"><span class='ocrx_word' id='word_1_170' title='bbox 64 2339 171 2421; x_wconf 79' lang='lat' dir='ltr'><strong>gravis</strong></span> <span class='ocrx_word' id='word_1_171' title='bbox 193 2340 281 2422; x_wconf 89' lang='lat' dir='ltr'><strong>quasi</strong></span> <span class='ocrx_word' id='word_1_172' title='bbox 296 2339 436 2401; x_wconf 89' lang='lat' dir='ltr'><strong>titubans</strong></span> <span class='ocrx_word' id='word_1_173' title='bbox 454 2359 566 2401; x_wconf 92' lang='lat' dir='ltr'><strong>navem</strong></span> <span class='ocrx_word' id='word_1_174' title='bbox 585 2340 784 2418; x_wconf 87' lang='lat' dir='ltr'><strong>ascendisset,</strong></span> <span class='ocrx_word' id='word_1_175' title='bbox 807 2348 1003 2424; x_wconf 87' lang='lat' dir='ltr'><strong>experrectus</strong></span> <span class='ocrx_word' id='word_1_176' title='bbox 1025 2340 1156 2424; x_wconf 89' lang='lat' dir='ltr'><strong>quaerit,</strong></span> <span class='ocrx_word' id='word_1_177' title='bbox 1179 2337 1331 2422; x_wconf 92' lang='lat' dir='ltr'><strong>quomodo</strong></span> 
     </span>
     <span class='ocr_line' id='line_1_20' title="bbox 64 2444 1332 2530; baseline -0.002 -21"><span class='ocrx_word' id='word_1_178' title='bbox 64 2446 126 2509; x_wconf 92' lang='lat' dir='ltr'><strong>huc</strong></span> <span class='ocrx_word' id='word_1_179' title='bbox 156 2446 279 2509; x_wconf 90' lang='lat' dir='ltr'><strong>venerit</strong></span> <span class='ocrx_word' id='word_1_180' title='bbox 308 2453 339 2507; x_wconf 93' lang='lat' dir='ltr'><strong>ct</strong></span> <span class='ocrx_word' id='word_1_181' title='bbox 361 2466 420 2528; x_wconf 93' lang='lat' dir='ltr'><strong>quo</strong></span> <span class='ocrx_word' id='word_1_182' title='bbox 450 2466 522 2507; x_wconf 92' lang='lat' dir='ltr'><strong>eum</strong></span> <span class='ocrx_word' id='word_1_183' title='bbox 552 2449 630 2509; x_wconf 85' lang='lat' dir='ltr'><strong>l&#39;erre</strong></span> <span class='ocrx_word' id='word_1_184' title='bbox 659 2446 768 2509; x_wconf 81' lang='lat' dir='ltr'><strong>uelint.</strong></span> <span class='ocrx_word' id='word_1_185' title='bbox 818 2448 865 2510; x_wconf 89' lang='lat' dir='ltr'><strong>Ac</strong></span> <span class='ocrx_word' id='word_1_186' title='bbox 889 2447 998 2511; x_wconf 89' lang='lat' dir='ltr'><strong>Proreo</strong></span> <span class='ocrx_word' id='word_1_187' title='bbox 1026 2446 1230 2530; x_wconf 90' lang='lat' dir='ltr'><strong>respondente</strong></span> <span class='ocrx_word' id='word_1_188' title='bbox 1262 2444 1332 2524; x_wconf 87' lang='lat' dir='ltr'><strong>„dic</strong></span> 
     </span>
     <span class='ocr_line' id='line_1_21' title="bbox 65 2550 1332 2636; baseline -0.002 -20"><span class='ocrx_word' id='word_1_189' title='bbox 65 2573 235 2635; x_wconf 90' lang='lat' dir='ltr'><strong>quemnam</strong></span> <span class='ocrx_word' id='word_1_190' title='bbox 266 2558 390 2636; x_wconf 91' lang='lat' dir='ltr'><strong>portum</strong></span> <span class='ocrx_word' id='word_1_191' title='bbox 423 2550 521 2635; x_wconf 87' lang='lat' dir='ltr'><strong>petis“</strong></span> <span class='ocrx_word' id='word_1_192' title='bbox 550 2553 688 2632; x_wconf 85' lang='lat' dir='ltr'><strong>Naxum,</strong></span> <span class='ocrx_word' id='word_1_193' title='bbox 720 2553 824 2636; x_wconf 92' lang='lat' dir='ltr'><strong>inquit</strong></span> <span class='ocrx_word' id='word_1_194' title='bbox 844 2553 953 2631; x_wconf 92' lang='lat' dir='ltr'><strong>Liber,</strong></span> <span class='ocrx_word' id='word_1_195' title='bbox 982 2552 1037 2616; x_wconf 93' lang='lat' dir='ltr'><strong>ubi</strong></span> <span class='ocrx_word' id='word_1_196' title='bbox 1059 2551 1174 2615; x_wconf 90' lang='lat' dir='ltr'><strong>habito.</strong></span> <span class='ocrx_word' id='word_1_197' title='bbox 1225 2550 1332 2614; x_wconf 92' lang='lat' dir='ltr'><strong>Nihilo</strong></span> 
     </span>
     <span class='ocr_line' id='line_1_22' title="bbox 64 2658 1332 2743; baseline -0.002 -21"><span class='ocrx_word' id='word_1_198' title='bbox 64 2659 165 2722; x_wconf 90' lang='lat' dir='ltr'><strong>setius</strong></span> <span class='ocrx_word' id='word_1_199' title='bbox 188 2659 273 2721; x_wconf 85' lang='lat' dir='ltr'><strong>Naxo</strong></span> <span class='ocrx_word' id='word_1_200' title='bbox 295 2658 404 2721; x_wconf 88' lang='lat' dir='ltr'><strong>relicta</strong></span> <span class='ocrx_word' id='word_1_201' title='bbox 427 2659 460 2722; x_wconf 91' lang='lat' dir='ltr'><strong>in</strong></span> <span class='ocrx_word' id='word_1_202' title='bbox 481 2659 576 2724; x_wconf 87' lang='lat' dir='ltr'><strong>aliam</strong></span> <span class='ocrx_word' id='word_1_203' title='bbox 599 2661 756 2743; x_wconf 83' lang='lat' dir='ltr'><strong>regionem</strong></span> <span class='ocrx_word' id='word_1_204' title='bbox 779 2682 850 2723; x_wconf 92' lang='lat' dir='ltr'><strong>cum</strong></span> <span class='ocrx_word' id='word_1_205' title='bbox 874 2661 1043 2724; x_wconf 81' lang='lat' dir='ltr'><strong>Aethalion</strong></span> <span class='ocrx_word' id='word_1_206' title='bbox 1066 2658 1135 2723; x_wconf 89' lang='lat' dir='ltr'><strong>vela</strong></span> <span class='ocrx_word' id='word_1_207' title='bbox 1156 2658 1251 2736; x_wconf 89' lang='lat' dir='ltr'><strong>daret,</strong></span> <span class='ocrx_word' id='word_1_208' title='bbox 1275 2658 1332 2721; x_wconf 91' lang='lat' dir='ltr'><strong>bac</strong></span> 
     </span>
     <span class='ocr_line' id='line_1_23' title="bbox 64 2763 1332 2852; baseline -0.003 -24"><span class='ocrx_word' id='word_1_209' title='bbox 64 2787 97 2828; x_wconf 94' lang='lat' dir='ltr'><strong>re</strong></span> <span class='ocrx_word' id='word_1_210' title='bbox 121 2763 339 2828; x_wconf 87' lang='lat' dir='ltr'><strong>animadversa</strong></span> <span class='ocrx_word' id='word_1_211' title='bbox 360 2765 475 2828; x_wconf 90' lang='lat' dir='ltr'><strong>Bacchi</strong></span> <span class='ocrx_word' id='word_1_212' title='bbox 499 2767 585 2829; x_wconf 92' lang='lat' dir='ltr'><strong>iussu</strong></span> <span class='ocrx_word' id='word_1_213' title='bbox 615 2767 711 2850; x_wconf 86' lang='lat' dir='ltr'><strong>tigres</strong></span> <span class='ocrx_word' id='word_1_214' title='bbox 734 2774 893 2852; x_wconf 85' lang='lat' dir='ltr'><strong>apparent,</strong></span> <span class='ocrx_word' id='word_1_215' title='bbox 918 2767 1032 2850; x_wconf 91' lang='lat' dir='ltr'><strong>quibus</strong></span> <span class='ocrx_word' id='word_1_216' title='bbox 1063 2765 1141 2830; x_wconf 90' lang='lat' dir='ltr'><strong>visis</strong></span> <span class='ocrx_word' id='word_1_217' title='bbox 1162 2764 1224 2828; x_wconf 91' lang='lat' dir='ltr'><strong>viri</strong></span> <span class='ocrx_word' id='word_1_218' title='bbox 1245 2770 1332 2828; x_wconf 92' lang='lat' dir='ltr'><strong>metu</strong></span> 
     </span>
     <span class='ocr_line' id='line_1_24' title="bbox 64 2870 558 2954; baseline 0 -20"><span class='ocrx_word' id='word_1_219' title='bbox 64 2870 196 2934; x_wconf 91' lang='lat' dir='ltr'><strong>adducti</strong></span> <span class='ocrx_word' id='word_1_220' title='bbox 218 2870 252 2933; x_wconf 93' lang='lat' dir='ltr'><strong>in</strong></span> <span class='ocrx_word' id='word_1_221' title='bbox 274 2891 358 2933; x_wconf 91' lang='lat' dir='ltr'><strong>mare</strong></span> <span class='ocrx_word' id='word_1_222' title='bbox 381 2871 558 2954; x_wconf 84' lang='lat' dir='ltr'><strong>prosiliunt.</strong></span> 
     </span>
    </p>

    <p class='ocr_par' dir='ltr' id='par_1_4' title="bbox 64 2973 1343 4336">
     <span class='ocr_line' id='line_1_25' title="bbox 154 2973 1334 3060; baseline -0.003 -22"><span class='ocrx_word' id='word_1_223' title='bbox 154 2976 244 3038; x_wconf 87' lang='lat' dir='ltr'><strong>Certe</strong></span> <span class='ocrx_word' id='word_1_224' title='bbox 258 2997 320 3039; x_wconf 90' lang='lat' dir='ltr'><strong>uon</strong></span> <span class='ocrx_word' id='word_1_225' title='bbox 331 2977 564 3040; x_wconf 90' lang='lat' dir='ltr'><strong>assentiendum</strong></span> <span class='ocrx_word' id='word_1_226' title='bbox 581 2997 646 3039; x_wconf 92' lang='lat' dir='ltr'><strong>esse</strong></span> <span class='ocrx_word' id='word_1_227' title='bbox 662 2985 737 3060; x_wconf 90' lang='lat' dir='ltr'><strong>puto</strong></span> <span class='ocrx_word' id='word_1_228' title='bbox 751 2976 1263 3054; x_wconf 74' lang='grc' dir='ltr'><strong>0111010Ρ111101.1101.001.11,219,</strong></span> <span class='ocrx_word' id='word_1_229' title='bbox 1279 2973 1334 3056; x_wconf 94' lang='lat' dir='ltr'><strong>qui</strong></span> 
     </span>
     <span class='ocr_line' id='line_1_26' title="bbox 65 3081 1335 3165; baseline -0.002 -20"><span class='ocrx_word' id='word_1_230' title='bbox 65 3082 215 3145; x_wconf 86' lang='lat' dir='ltr'><strong>Servium</strong></span> <span class='ocrx_word' id='word_1_231' title='bbox 237 3081 267 3144; x_wconf 87' lang='lat' dir='ltr'>A</span> <span class='ocrx_word' id='word_1_232' title='bbox 287 3083 358 3159; x_wconf 83' lang='lat' dir='ltr'><strong>l,67</strong></span> <span class='ocrx_word' id='word_1_233' title='bbox 383 3089 413 3144; x_wconf 90' lang='lat' dir='ltr'><strong>et</strong></span> <span class='ocrx_word' id='word_1_234' title='bbox 428 3082 589 3165; x_wconf 88' lang='lat' dir='ltr'><strong>Hyginum</strong></span> <span class='ocrx_word' id='word_1_235' title='bbox 612 3082 666 3145; x_wconf 84' lang='grc' dir='ltr'><strong>ΡΑ</strong></span> <span class='ocrx_word' id='word_1_236' title='bbox 683 3084 770 3160; x_wconf 84' lang='grc'><strong>11,17</strong></span> <span class='ocrx_word' id='word_1_237' title='bbox 794 3105 832 3146; x_wconf 89' lang='lat' dir='ltr'><strong>ex</strong></span> <span class='ocrx_word' id='word_1_238' title='bbox 846 3083 1055 3164; x_wconf 81' lang='lat' dir='ltr'><strong>Aglaosthene</strong></span> <span class='ocrx_word' id='word_1_239' title='bbox 1071 3104 1126 3146; x_wconf 89' lang='lat' dir='ltr'><strong>sua</strong></span> <span class='ocrx_word' id='word_1_240' title='bbox 1147 3081 1335 3164; x_wconf 88' lang='lat' dir='ltr'><strong>excerpsisse</strong></span> 
     </span>
     <span class='ocr_line' id='line_1_27' title="bbox 66 3185 1337 3274; baseline -0.004 -21"><span class='ocrx_word' id='word_1_241' title='bbox 66 3189 148 3253; x_wconf 87' lang='lat' dir='ltr'><strong>vult.</strong></span> <span class='ocrx_word' id='word_1_242' title='bbox 200 3188 260 3251; x_wconf 87' lang='lat' dir='ltr'><strong>Sed</strong></span> <span class='ocrx_word' id='word_1_243' title='bbox 283 3188 426 3266; x_wconf 85' lang='lat' dir='ltr'><strong>sontium,</strong></span> <span class='ocrx_word' id='word_1_244' title='bbox 451 3189 561 3274; x_wconf 92' lang='lat' dir='ltr'><strong>quiqui</strong></span> <span class='ocrx_word' id='word_1_245' title='bbox 584 3196 715 3267; x_wconf 84' lang='lat' dir='ltr'><strong>exstant,</strong></span> <span class='ocrx_word' id='word_1_246' title='bbox 740 3190 845 3253; x_wconf 93' lang='lat' dir='ltr'><strong>nullus</strong></span> <span class='ocrx_word' id='word_1_247' title='bbox 868 3190 929 3252; x_wconf 91' lang='lat' dir='ltr'><strong>nisi</strong></span> <span class='ocrx_word' id='word_1_248' title='bbox 953 3189 1083 3253; x_wconf 87' lang='lat' dir='ltr'><strong>Ovidius</strong></span> <span class='ocrx_word' id='word_1_249' title='bbox 1106 3188 1278 3270; x_wconf 87' lang='lat' dir='ltr'><strong>Dionysum</strong></span> <span class='ocrx_word' id='word_1_250' title='bbox 1303 3185 1337 3248; x_wconf 90' lang='lat' dir='ltr'><strong>in</strong></span> 
     </span>
     <span class='ocr_line' id='line_1_28' title="bbox 66 3295 1338 3380; baseline -0.002 -22"><span class='ocrx_word' id='word_1_251' title='bbox 66 3297 163 3359; x_wconf 90' lang='lat' dir='ltr'><strong>litore</strong></span> <span class='ocrx_word' id='word_1_252' title='bbox 186 3295 393 3358; x_wconf 88' lang='lat' dir='ltr'><strong>dormientem</strong></span> <span class='ocrx_word' id='word_1_253' title='bbox 417 3296 580 3359; x_wconf 89' lang='lat' dir='ltr'><strong>inventum</strong></span> <span class='ocrx_word' id='word_1_254' title='bbox 605 3295 691 3374; x_wconf 86' lang='lat' dir='ltr'><strong>dicit,</strong></span> <span class='ocrx_word' id='word_1_255' title='bbox 719 3303 786 3359; x_wconf 90' lang='lat' dir='ltr'><strong>tum</strong></span> <span class='ocrx_word' id='word_1_256' title='bbox 811 3303 1025 3380; x_wconf 86' lang='lat' dir='ltr'><strong>experrectum</strong></span> <span class='ocrx_word' id='word_1_257' title='bbox 1047 3295 1247 3379; x_wconf 89' lang='lat' dir='ltr'><strong>quaesivisse,</strong></span> <span class='ocrx_word' id='word_1_258' title='bbox 1278 3314 1338 3376; x_wconf 92' lang='lat' dir='ltr'><strong>quo</strong></span> 
     </span>
     <span class='ocr_line' id='line_1_29' title="bbox 65 3401 1338 3487; baseline -0.003 -21"><span class='ocrx_word' id='word_1_259' title='bbox 65 3405 244 3480; x_wconf 82' lang='lat' dir='ltr'><strong>duceretur,</strong></span> <span class='ocrx_word' id='word_1_260' title='bbox 258 3409 289 3464; x_wconf 91' lang='lat' dir='ltr'><strong>et</strong></span> <span class='ocrx_word' id='word_1_261' title='bbox 301 3401 383 3465; x_wconf 92' lang='lat' dir='ltr'><strong>solus</strong></span> <span class='ocrx_word' id='word_1_262' title='bbox 396 3402 478 3465; x_wconf 90' lang='lat' dir='ltr'><strong>inter</strong></span> <span class='ocrx_word' id='word_1_263' title='bbox 497 3403 618 3480; x_wconf 90' lang='lat' dir='ltr'><strong>bestias,</strong></span> <span class='ocrx_word' id='word_1_264' title='bbox 639 3424 717 3487; x_wconf 91' lang='lat' dir='ltr'><strong>quae</strong></span> <span class='ocrx_word' id='word_1_265' title='bbox 735 3425 882 3487; x_wconf 90' lang='lat' dir='ltr'><strong>apparere</strong></span> <span class='ocrx_word' id='word_1_266' title='bbox 899 3403 1000 3466; x_wconf 91' lang='lat' dir='ltr'><strong>iussae</strong></span> <span class='ocrx_word' id='word_1_267' title='bbox 1018 3409 1100 3479; x_wconf 89' lang='lat' dir='ltr'><strong>sunt,</strong></span> <span class='ocrx_word' id='word_1_268' title='bbox 1117 3406 1338 3464; x_wconf 88' lang='lat' dir='ltr'><strong>commemorat</strong></span> 
     </span>
     <span class='ocr_line' id='line_1_30' title="bbox 65 3500 1339 3592; baseline -0.003 -20"><span class='ocrx_word' id='word_1_269' title='bbox 65 3511 178 3592; x_wconf 83' lang='lat' dir='ltr'><strong>tigres</strong></span> <span class='ocrx_word' id='word_1_270' title='bbox 229 3500 338 3591; x_wconf 89' lang='lat' dir='ltr'><strong>ltaque</strong></span> <span class='ocrx_word' id='word_1_271' title='bbox 368 3530 491 3572; x_wconf 89' lang='lat' dir='ltr'><strong>necesse</strong></span> <span class='ocrx_word' id='word_1_272' title='bbox 522 3517 568 3572; x_wconf 91' lang='lat' dir='ltr'><strong>est</strong></span> <span class='ocrx_word' id='word_1_273' title='bbox 598 3512 714 3573; x_wconf 85' lang='lat' dir='ltr'><strong>sontem</strong></span> <span class='ocrx_word' id='word_1_274' title='bbox 744 3509 979 3573; x_wconf 89' lang='lat' dir='ltr'><strong>scholiastarum</strong></span> <span class='ocrx_word' id='word_1_275' title='bbox 1009 3516 1064 3572; x_wconf 87' lang='grc'><strong>0111</strong></span> <span class='ocrx_word' id='word_1_276' title='bbox 1091 3529 1128 3570; x_wconf 89' lang='lat' dir='ltr'><strong>ex</strong></span> <span class='ocrx_word' id='word_1_277' title='bbox 1152 3507 1263 3571; x_wconf 82' lang='lat' dir='ltr'><strong>Ouidio</strong></span> <span class='ocrx_word' id='word_1_278' title='bbox 1285 3515 1339 3569; x_wconf 87' lang='lat' dir='ltr'><strong>aut</strong></span> 
     </span>
     <span class='ocr_line' id='line_1_31' title="bbox 65 3613 1340 3698; baseline -0.005 -18"><span class='ocrx_word' id='word_1_279' title='bbox 65 3639 105 3680; x_wconf 88' lang='lat' dir='ltr'><strong>ex</strong></span> <span class='ocrx_word' id='word_1_280' title='bbox 123 3614 234 3679; x_wconf 89' lang='lat' dir='ltr'><strong>Ovidii</strong></span> <span class='ocrx_word' id='word_1_281' title='bbox 255 3617 338 3678; x_wconf 87' lang='lat' dir='ltr'><strong>fonte</strong></span> <span class='ocrx_word' id='word_1_282' title='bbox 361 3615 508 3679; x_wconf 89' lang='lat' dir='ltr'><strong>hausisse.</strong></span> <span class='ocrx_word' id='word_1_283' title='bbox 546 3616 721 3679; x_wconf 89' lang='lat' dir='ltr'><strong>Narrationi</strong></span> <span class='ocrx_word' id='word_1_284' title='bbox 744 3615 826 3692; x_wconf 92' lang='lat' dir='ltr'><strong>huic,</strong></span> <span class='ocrx_word' id='word_1_285' title='bbox 849 3636 941 3698; x_wconf 89' lang='lat' dir='ltr'><strong>quam</strong></span> <span class='ocrx_word' id='word_1_286' title='bbox 964 3614 1059 3678; x_wconf 92' lang='lat' dir='ltr'><strong>tradit</strong></span> <span class='ocrx_word' id='word_1_287' title='bbox 1075 3614 1105 3693; x_wconf 87' lang='lat' dir='ltr'><strong>S,</strong></span> <span class='ocrx_word' id='word_1_288' title='bbox 1129 3615 1143 3676; x_wconf 98' lang='grc'><strong>1</strong></span> <span class='ocrx_word' id='word_1_289' title='bbox 1166 3613 1340 3677; x_wconf 88' lang='lat' dir='ltr'><strong>immiscuit</strong></span> 
     </span>
     <span class='ocr_line' id='line_1_32' title="bbox 64 3719 1338 3807; baseline -0.007 -18"><span class='ocrx_word' id='word_1_290' title='bbox 64 3723 195 3807; x_wconf 90' lang='lat' dir='ltr'><strong>aliquid</strong></span> <span class='ocrx_word' id='word_1_291' title='bbox 214 3723 251 3785; x_wconf 91' lang='lat' dir='ltr'><strong>de</strong></span> <span class='ocrx_word' id='word_1_292' title='bbox 270 3729 376 3806; x_wconf 87' lang='lat' dir='ltr'><strong>stupro</strong></span> <span class='ocrx_word' id='word_1_293' title='bbox 390 3722 505 3800; x_wconf 92' lang='lat' dir='ltr'><strong>Liberi,</strong></span> <span class='ocrx_word' id='word_1_294' title='bbox 530 3721 718 3804; x_wconf 87' lang='lat' dir='ltr'><strong>quodetiam</strong></span> <span class='ocrx_word' id='word_1_295' title='bbox 739 3721 821 3804; x_wconf 92' lang='lat' dir='ltr'><strong>apud</strong></span> <span class='ocrx_word' id='word_1_296' title='bbox 837 3719 997 3802; x_wconf 85' lang='lat' dir='ltr'><strong>llyginum</strong></span> <span class='ocrx_word' id='word_1_297' title='bbox 1014 3721 1073 3783; x_wconf 88' lang='lat' dir='ltr'><strong>lab.</strong></span> <span class='ocrx_word' id='word_1_298' title='bbox 1095 3720 1152 3782; x_wconf 88' lang='grc'><strong>134</strong></span> <span class='ocrx_word' id='word_1_299' title='bbox 1170 3719 1338 3782; x_wconf 92' lang='lat' dir='ltr'><strong>invenitur.</strong></span> 
     </span>
     <span class='ocr_line' id='line_1_33' title="bbox 66 3823 1339 3910; baseline -0.008 -15"><span class='ocrx_word' id='word_1_300' title='bbox 66 3833 162 3895; x_wconf 92' lang='lat' dir='ltr'><strong>llanc</strong></span> <span class='ocrx_word' id='word_1_301' title='bbox 180 3828 318 3892; x_wconf 85' lang='lat' dir='ltr'><strong>fabulam</strong></span> <span class='ocrx_word' id='word_1_302' title='bbox 342 3835 507 3891; x_wconf 89' lang='lat' dir='ltr'><strong>nautarum</strong></span> <span class='ocrx_word' id='word_1_303' title='bbox 530 3827 762 3910; x_wconf 86' lang='lat' dir='ltr'><strong>Tyrrhenorum</strong></span> <span class='ocrx_word' id='word_1_304' title='bbox 785 3826 948 3890; x_wconf 87' lang='lat' dir='ltr'><strong>coniunxit</strong></span> <span class='ocrx_word' id='word_1_305' title='bbox 963 3826 1094 3890; x_wconf 87' lang='lat' dir='ltr'><strong>Ovidius</strong></span> <span class='ocrx_word' id='word_1_306' title='bbox 1117 3848 1188 3889; x_wconf 91' lang='lat' dir='ltr'><strong>curn</strong></span> <span class='ocrx_word' id='word_1_307' title='bbox 1209 3823 1339 3888; x_wconf 89' lang='lat' dir='ltr'><strong>Penthei</strong></span> 
     </span>
     <span class='ocr_line' id='line_1_34' title="bbox 66 3930 1341 4019; baseline -0.008 -17"><span class='ocrx_word' id='word_1_308' title='bbox 66 3935 189 4003; x_wconf 82' lang='lat' dir='ltr'><strong>tabula.</strong></span> <span class='ocrx_word' id='word_1_309' title='bbox 234 3937 258 4007; x_wconf 83' lang='lat' dir='ltr'><strong>l,</strong></span> <span class='ocrx_word' id='word_1_310' title='bbox 288 3956 381 4019; x_wconf 92' lang='lat' dir='ltr'><strong>quem</strong></span> <span class='ocrx_word' id='word_1_311' title='bbox 409 3934 516 3997; x_wconf 89' lang='lat' dir='ltr'><strong>eodem</strong></span> <span class='ocrx_word' id='word_1_312' title='bbox 546 3933 636 3996; x_wconf 89' lang='lat' dir='ltr'><strong>ruodo</strong></span> <span class='ocrx_word' id='word_1_313' title='bbox 665 3941 758 4016; x_wconf 89' lang='lat' dir='ltr'><strong>atque</strong></span> <span class='ocrx_word' id='word_1_314' title='bbox 788 3930 934 3996; x_wconf 86' lang='lat' dir='ltr'><strong>Ovidium</strong></span> <span class='ocrx_word' id='word_1_315' title='bbox 966 3932 1004 3994; x_wconf 92' lang='lat' dir='ltr'><strong>de</strong></span> <span class='ocrx_word' id='word_1_316' title='bbox 1033 3932 1169 3994; x_wconf 88' lang='lat' dir='ltr'><strong>Pentheo</strong></span> <span class='ocrx_word' id='word_1_317' title='bbox 1198 3930 1341 3994; x_wconf 91' lang='lat' dir='ltr'><strong>retulisse</strong></span> 
     </span>
     <span class='ocr_line' id='line_1_35' title="bbox 65 4035 1343 4127; baseline -0.008 -21"><span class='ocrx_word' id='word_1_318' title='bbox 65 4063 169 4127; x_wconf 89' lang='lat' dir='ltr'><strong>supra</strong></span> <span class='ocrx_word' id='word_1_319' title='bbox 190 4039 410 4116; x_wconf 89' lang='lat' dir='ltr'><strong>demonstravi,</strong></span> <span class='ocrx_word' id='word_1_320' title='bbox 434 4039 528 4102; x_wconf 89' lang='lat' dir='ltr'><strong>etiarn</strong></span> <span class='ocrx_word' id='word_1_321' title='bbox 545 4039 694 4102; x_wconf 88' lang='lat' dir='ltr'><strong>Acoetam</strong></span> <span class='ocrx_word' id='word_1_322' title='bbox 711 4044 940 4114; x_wconf 88' lang='lat' dir='ltr'><strong>commemorat,</strong></span> <span class='ocrx_word' id='word_1_323' title='bbox 964 4058 1042 4120; x_wconf 89' lang='lat' dir='ltr'><strong>quae</strong></span> <span class='ocrx_word' id='word_1_324' title='bbox 1056 4059 1184 4122; x_wconf 88' lang='lat' dir='ltr'><strong>persona</strong></span> <span class='ocrx_word' id='word_1_325' title='bbox 1207 4035 1343 4120; x_wconf 91' lang='lat' dir='ltr'><strong>pertinet</strong></span> 
     </span>
     <span class='ocr_line' id='line_1_36' title="bbox 65 4146 1343 4231; baseline -0.007 -16"><span class='ocrx_word' id='word_1_326' title='bbox 65 4151 109 4215; x_wconf 93' lang='lat' dir='ltr'><strong>ad</strong></span> <span class='ocrx_word' id='word_1_327' title='bbox 134 4147 284 4231; x_wconf 91' lang='lat' dir='ltr'><strong>mythum</strong></span> <span class='ocrx_word' id='word_1_328' title='bbox 310 4146 551 4229; x_wconf 85' lang='lat' dir='ltr'><strong>Tyrrhenorum.</strong></span> <span class='ocrx_word' id='word_1_329' title='bbox 607 4147 724 4228; x_wconf 92' lang='lat' dir='ltr'><strong>ltaque,</strong></span> <span class='ocrx_word' id='word_1_330' title='bbox 747 4165 818 4207; x_wconf 90' lang='lat' dir='ltr'><strong>curn</strong></span> <span class='ocrx_word' id='word_1_331' title='bbox 842 4147 958 4207; x_wconf 90' lang='lat' dir='ltr'><strong>lactum</strong></span> <span class='ocrx_word' id='word_1_332' title='bbox 988 4166 1054 4208; x_wconf 89' lang='lat' dir='ltr'><strong>esse</strong></span> <span class='ocrx_word' id='word_1_333' title='bbox 1079 4167 1173 4228; x_wconf 90' lang='lat' dir='ltr'><strong>posse,</strong></span> <span class='ocrx_word' id='word_1_334' title='bbox 1205 4153 1238 4206; x_wconf 93' lang='lat' dir='ltr'><strong>ut</strong></span> <span class='ocrx_word' id='word_1_335' title='bbox 1268 4146 1280 4206; x_wconf 99' lang='lat' dir='ltr'><strong>l</strong></span> <span class='ocrx_word' id='word_1_336' title='bbox 1305 4165 1343 4206; x_wconf 87' lang='lat' dir='ltr'><strong>ex</strong></span> 
     </span>
     <span class='ocr_line' id='line_1_37' title="bbox 66 4249 1342 4336; baseline -0.006 -16"><span class='ocrx_word' id='word_1_337' title='bbox 66 4253 189 4320; x_wconf 90' lang='lat' dir='ltr'><strong>Ovidio</strong></span> <span class='ocrx_word' id='word_1_338' title='bbox 201 4252 267 4336; x_wconf 90' lang='lat' dir='ltr'><strong>ipso</strong></span> <span class='ocrx_word' id='word_1_339' title='bbox 280 4252 337 4315; x_wconf 91' lang='grc'><strong>1100</strong></span> <span class='ocrx_word' id='word_1_340' title='bbox 352 4251 529 4335; x_wconf 90' lang='lat' dir='ltr'><strong>sumpserit,</strong></span> <span class='ocrx_word' id='word_1_341' title='bbox 542 4271 635 4334; x_wconf 90' lang='lat' dir='ltr'><strong>supra</strong></span> <span class='ocrx_word' id='word_1_342' title='bbox 651 4249 794 4326; x_wconf 91' lang='lat' dir='ltr'><strong>dixerim,</strong></span> <span class='ocrx_word' id='word_1_343' title='bbox 815 4249 963 4331; x_wconf 91' lang='lat' dir='ltr'><strong>quoniam</strong></span> <span class='ocrx_word' id='word_1_344' title='bbox 979 4251 1212 4332; x_wconf 88' lang='lat' dir='ltr'><strong>Tyrrhenorum</strong></span> <span class='ocrx_word' id='word_1_345' title='bbox 1228 4250 1342 4328; x_wconf 87' lang='lat' dir='ltr'><strong>l&#39;abula,</strong></span> 
     </span>
    </p>
   </div>
   <div class='ocr_carea' id='block_1_3' title="bbox 67 4354 1344 4514">
    <p class='ocr_par' dir='ltr' id='par_1_5' title="bbox 67 4354 1344 4514">
     <span class='ocr_line' id='line_1_38' title="bbox 67 4354 1344 4447; baseline -0.005 -21"><span class='ocrx_word' id='word_1_346' title='bbox 67 4382 157 4447; x_wconf 92' lang='lat' dir='ltr'><strong>quae</strong></span> <span class='ocrx_word' id='word_1_347' title='bbox 188 4365 235 4422; x_wconf 90' lang='grc'><strong>001</strong></span> <span class='ocrx_word' id='word_1_348' title='bbox 265 4358 437 4422; x_wconf 89' lang='lat' dir='ltr'><strong>necessaria</strong></span> <span class='ocrx_word' id='word_1_349' title='bbox 467 4355 619 4441; x_wconf 86' lang='lat' dir='ltr'><strong>particula</strong></span> <span class='ocrx_word' id='word_1_350' title='bbox 641 4355 737 4419; x_wconf 87' lang='lat' dir='ltr'><strong>totius</strong></span> <span class='ocrx_word' id='word_1_351' title='bbox 759 4354 898 4433; x_wconf 86' lang='lat' dir='ltr'><strong>fabulae,</strong></span> <span class='ocrx_word' id='word_1_352' title='bbox 928 4357 1010 4439; x_wconf 93' lang='lat' dir='ltr'><strong>apud</strong></span> <span class='ocrx_word' id='word_1_353' title='bbox 1032 4356 1054 4419; x_wconf 88' lang='lat' dir='ltr'>S</span> <span class='ocrx_word' id='word_1_354' title='bbox 1077 4357 1254 4434; x_wconf 75' lang='lat' dir='ltr'><strong>invenitur,</strong></span> <span class='ocrx_word' id='word_1_355' title='bbox 1281 4378 1344 4419; x_wconf 89' lang='lat' dir='ltr'><strong>cro-</strong></span> 
     </span>
     <span class='ocr_line' id='line_1_39' title="bbox 1160 4460 1197 4514; baseline 0 -27"><span class='ocrx_word' id='word_1_356' title='bbox 1160 4460 1197 4514; x_wconf 67' lang='lat'><strong>3}</strong></span> 
     </span>
    </p>
   </div>
   <div class='ocr_carea' id='block_1_4' title="bbox 0 0 1625 5172">
    <p class='ocr_par' dir='ltr' id='par_1_6' title="bbox 0 0 1625 5172">
     <span class='ocr_line' id='line_1_40' title="bbox 0 0 1625 5172; baseline 0 0"><span class='ocrx_word' id='word_1_357' title='bbox 0 0 1625 5172; x_wconf 95' lang='lat' dir='ltr'><strong> </strong></span> 
     </span>
    </p>
   </div>
  </div>
 </body>
</html>
