3218 5172
892 333 932 394 56

279 508 420 584 Μέγαρα
431 503 486 567 διδ
496 503 636 588 Σκίλλης
651 509 707 591 τῆς
719 509 825 570 Νίσου
836 509 999 590 θυγατρὸς
1013 509 1213 592 ἐρασθείσης
1227 509 1332 573 αὐτοῦ
1345 511 1399 572 καὶ
1415 512 1545 574 α’ποτα-

278 607 403 692 μούσης
422 610 483 694 τήν
502 613 563 672 τοῦ
591 612 720 691 πατρδς
742 612 891 696 κεφαλήν
904 613 925 696 Ι)
956 612 1171 699 διενοήσατο,
1203 611 1253 678 ὅτι
1283 615 1383 697 ητδν
1412 627 1544 698 πατέρα

280 715 452 795 προδοῦσα
482 715 616 790 aduerte
643 713 687 778 ολν
715 718 837 798 ῥαδίως
867 719 1029 801 φείδοιτο,
1058 721 1115 782 καὶ
1145 720 1201 782 dud
1229 725 1326 784 τοῦτο
1351 721 1546 806 προσδήσας

280 821 431 904 πηδαλίῳ
458 821 534 904 νηδς
556 823 618 908 την
646 821 804 904 προδότα·
824 825 881 886 καὶ
910 822 1134 906 πατροηόιτιν
1161 825 1269 908 α’φῆκε
1298 824 1466 910 σύρεσθαι
1489 830 1546 891 διδ

279 928 457 1011 θαλάσσης
486 929 542 991 καὶ
573 929 660 1014 αὕτη
686 934 748 1010 μὲν
769 928 813 1003 εἰς
835 925 951 1010 ὄρνεον
979 930 1169 1014 μετεβλήθη
1192 928 1234 1005 ὥς
1255 953 1335 1016 φησι
1358 941 1547 1016 Παρίίέιιος

280 1034 298 1098 o‘
321 1035 380 1108 τοὶς
400 1034 687 1120 Μεταμορφώσεις
708 1035 837 1124 γράψαι
857 1036 1037 1117 λεγόμενος.

363 1159 409 1222 Ex
431 1160 488 1224 hoc
511 1161 575 1224 loco
597 1182 720 1238 omnes,
752 1160 806 1243 qui
835 1160 951 1224 dehac
973 1183 1005 1224 re
1033 1169 1145 1243 agunt,
1176 1163 1309 1245 pendere
1338 1163 1484 1226 uidentur
1515 1173 1545 1227 et

282 1274 388 1350 poetae
417 1273 524 1331 auctor
553 1265 667 1329 Oiridis
695 1265 875 1350 Propertius
898 1266 1028 1330 Ouidius
1051 1275 1080 1331 et
1100 1267 1319 1351 rnythographi
1339 1269 1545 1352 Apollodorus

280 1371 423 1455 Hyginus
447 1374 574 1436 Tzetzes
603 1372 787 1437 scholiastae
811 1373 993 1455 Vergiliani.
1045 1374 1105 1437 Sed
1128 1382 1248 1458 patrem
1277 1375 1309 1437 in
1331 1397 1421 1438 auom
1443 1384 1544 1439 muta-

280 1485 348 1541 tum
371 1479 429 1543 soli
452 1478 583 1543 Ouidius
605 1487 636 1542 et
657 1479 800 1560 Hyginus
820 1479 956 1543 tradunt.
995 1480 1081 1556 Quod
1104 1480 1270 1563 quominus
1290 1480 1328 1542 ab
1351 1480 1417 1564 ipso
1433 1480 1544 1545 Ouidio

281 1585 447 1649 inuentum
469 1606 534 1650 esse
557 1593 660 1670 putee,
684 1585 827 1670 prohibet
849 1607 962 1649 nomen
985 1607 1128 1668 graecum
1150 1586 1312 1664 haliaeeti,
1336 1586 1415 1669 quod
1439 1587 1543 1666 eflicit,
1595 1569 1596 1616 1

280 1698 316 1755 nt
338 1691 511 1756 uerisimile
531 1691 674 1756 uideatur
697 1691 845 1755 Ouidium
868 1713 904 1754 ex
928 1696 1012 1756 t'onte
1036 1713 1090 1756 suo
1112 1693 1291 1777 sumpsisse.
1335 1694 1442 1775 ltaque
1465 1714 1544 1776 quae
1595 1769 1596 1772 Ἴ

281 1805 354 1862 sunt
384 1799 466 1863 inter
496 1780 644 1863 Ouidium
667 1805 697 1862 et
719 1799 899 1863 scholiastes
921 1800 1107 1879 communia,
1137 1800 1174 1863 ad
1201 1820 1399 1864 communem
1426 1801 1543 1863 fontem
1595 1859 1596 1864 ,

278 1907 403 1969 referes

361 2013 441 2075 Oum
465 2013 566 2090 (lereS,
597 2018 632 2074 ut
655 2009 785 2074 Ouidius
814 2018 887 2074 met.
911 2013 948 2089 V,
957 2013 1120 2075 462-571
1151 2018 1265 2090 narrat,
1295 2012 1333 2074 de
1362 2010 1545 2094 Proserpina
1595 2001 1596 2088 ]

279 2118 344 2182 filia
365 2118 484 2182 amissa
507 2118 620 2182 certior
643 2121 722 2181 lacta
737 2118 893 2182 adorasset
908 2120 1023 2196 lovem,
1046 2119 1073 2181 is
1096 2118 1133 2196 ei,
1158 2126 1192 2181 ut
1213 2118 1252 2181 ad
1274 2139 1399 2202 superos
1420 2118 1542 2197 rediret,

279 2226 306 2290 si
336 2226 417 2311 apud
448 2225 562 2288 inferos
584 2224 665 2287 nihil
694 2224 886 2302 comedisset,
918 2225 1072 2308 permisit.
1124 2223 1184 2287 Sed
1214 2223 1398 2308 Proserpina
1426 2233 1541 2308 septem
1595 2265 1596 2278 .

280 2331 406 2416 punicei
435 2330 512 2394 mali
536 2353 630 2414 grana
652 2337 828 2412 gustaverat
850 2331 914 2394 solo
934 2331 1117 2414 Ascalapho,
1140 2329 1326 2394 Acherontis
1353 2337 1384 2392 et
1405 2329 1543 2414 Orphnes
1595 2343 1596 2412 ξ

282 2437 356 2515 filio,
379 2445 549 2520 praesente.
584 2437 649 2512 Oua
666 2457 699 2499 re
716 2436 859 2499 nuntiata
874 2458 945 2500 cum
968 2437 994 2500 is
1013 2437 1149 2500 reditum
1171 2437 1211 2499 ad
1225 2436 1352 2499 irritum
1367 2435 1541 2522 redegisset,
1595 2421 1596 2508 l

279 2565 298 2606 a
320 2541 504 2626 Proserpina
526 2542 560 2605 in
577 2542 732 2605 bubonem
755 2548 893 2605 mutatus
912 2550 967 2605 est.
1001 2541 1125 2626 Optime
1143 2541 1215 2604 hnic
1237 2541 1360 2604 tabulae
1382 2543 1542 2624 respondet

280 2648 331 2711 PG
348 2650 372 2727 1,
382 2648 431 2726 36,
455 2670 537 2726 nam,
561 2669 750 2732 quamquam
767 2648 806 2715 ab
823 2646 934 2712 Ouidio
957 2657 1074 2732 septem
1098 2669 1193 2730 grana
1214 2648 1379 2732 praebente
1401 2647 1563 2711 abhorret.

278 2754 339 2817 tria
371 2755 492 2832 dicem,
524 2762 630 2817 tamen
659 2754 687 2816 is
715 2753 798 2817 solus
829 2763 970 2838 parentes
999 2754 1103 2817 tradit.
1158 2755 1272 2817 Contra
1300 2775 1372 2817 cum
1399 2753 1448 2816 SG
1470 2755 1542 2832 Lau
1595 2763 1596 2838 l

277 2860 380 2923 solum
403 2868 525 2944 patrem
546 2859 675 2944 Stygem
698 2868 863 2936 memoret,
893 2860 939 2923 lA
961 2861 1086 2938 uulua
1116 2859 1241 2922 exhibet
1262 2860 1472 2924 Acherontem
1493 2861 1541 2925 uel
1595 2841 1596 2866 λ

214 2981 215 2988 ’
281 2965 411 3049 Stygem
433 2972 562 3050 patrem.
607 2965 683 3041 Quis
704 2973 808 3028 autem
831 2966 1041 3050 Ascalaphum
1065 2966 1233 3029 mutaverit
1256 2987 1327 3029 cum
1350 2966 1445 3029 ceteri
1464 2975 1540 3029 tace-

280 3080 344 3150 ant,
367 3073 382 3135 1
404 3071 481 3136 dicit
504 3093 565 3135 non
587 3079 623 3135 ut
645 3071 775 3135 Ouidius
798 3073 1015 3156 Proserpinam
1034 3073 1087 3136 sed
1110 3073 1156 3136 ira
1179 3071 1299 3135 Cereris
1329 3075 1443 3136 lactum
1468 3095 1539 3136 esse.
1595 3083 1596 3136 1

282 3179 430 3263 Orphnen
459 3184 592 3240 matrem
623 3199 693 3240 curn
723 3178 806 3241 solus
836 3177 966 3241 Ouidius
996 3179 1157 3262 praebeat,
1197 3199 1321 3240 necesse
1350 3186 1398 3240 est
1427 3179 1454 3240 si
1481 3201 1539 3242 non

281 3291 377 3347 totam
396 3282 531 3346 l'abulam
550 3284 687 3368 exceptis
704 3284 795 3346 rebus
809 3284 848 3347 ab
864 3283 975 3348 Ouidio
996 3284 1108 3347 alienis
1124 3292 1229 3348 tamen
1246 3283 1393 3368 Orphnen
1411 3291 1540 3346 matrem

280 3410 318 3452 ex
335 3388 445 3452 Ouidio
468 3397 522 3452 aut
545 3391 629 3452 fonte
650 3389 717 3452 eius
739 3390 865 3452 fluxisse
888 3390 922 3452 in
938 3391 1156 3474 compendium
1178 3398 1231 3453 aut
1252 3390 1285 3467 P,
1309 3389 1342 3452 id
1365 3389 1447 3472 quod
1461 3389 1538 3452 ueri·

282 3495 386 3558 simile
409 3516 558 3559 essenon
580 3495 714 3573 uidetur,
737 3495 816 3558 hanc
839 3517 905 3558 rern
927 3517 965 3558 ex
986 3495 1097 3560 Ouidio
1120 3497 1186 3580 ipso
1210 3495 1389 3579 sumpsisse.

363 3600 494 3664 Ouidius
528 3608 632 3664 narrat
669 3609 742 3664 met.
772 3601 1049 3680 xillum-6⁶22,
1080 3624 1150 3665 eum
1179 3603 1319 3680 Memno,
1350 3601 1404 3684 qui
1436 3607 1538 3685 patruo
1595 3583 1596 3674 l

279 3706 397 3770 auxilio
412 3707 558 3786 uenisset,
581 3707 753 3786 occidisset,
776 3708 914 3771 Aurorae
929 3709 1073 3792 precibus
1095 3709 1161 3788 eius
1177 3708 1295 3771 cineres
1316 3708 1350 3770 in
1369 3707 1538 3772 Memnoni·
1595 3691 1596 3726 λ

279 3812 333 3876 das
355 3834 428 3877 aues
450 3821 654 3877 commutatos
671 3835 746 3877 esse.
783 3815 846 3876 Has
862 3835 934 3877 aues
957 3815 1122 3897 quotannis
1144 3814 1183 3878 ad
1205 3815 1383 3900 sepulcrum
1405 3833 1538 3877 reuersas

281 3919 364 3982 inter
386 3941 418 3982 se
442 3941 546 4004 pugna
568 3922 649 3983 lacta
670 3940 702 3982 se
724 3919 900 3983 dilaniasse.
945 3922 1058 3985 Contra
1082 3922 1125 3983 lA
1148 3923 1172 3999 Ι,
1183 3922 1242 3985 751
1266 3921 1362 3984 tradit
1378 3921 1537 3983 Memnone

279 4036 400 4090 mortuo
430 4048 502 4090 cum
524 4026 600 4090 socii
622 4026 711 4110 queri
734 4047 795 4090 non
817 4026 1003 4103 desinerent,
1028 4026 1062 4090 in
1090 4027 1145 4090 has
1174 4049 1247 4090 aues
1276 4047 1438 4091 conuersos
1466 4045 1536 4088 esse.

350 4255 376 4322 l)
396 4257 504 4308 Rectius
530 4257 649 4309 scholion
668 4257 748 4308 habet
766 4249 960 4326 ἀποτεμούσης
980 4255 1029 4326 τῆς
1047 4255 1170 4327 κεφαλῆς
1188 4255 1238 4308 τοῦ
1255 4251 1361 4329 πατρὸς
1379 4249 1427 4307 τὸν
1444 4251 1536 4326 μόρσι-

276 4361 332 4418 μον
349 4339 502 4417 πλόκαμον,
522 4343 554 4394 cl.
573 4343 719 4398 Meineluius
738 4342 782 4396 l.l.
