3218 5172
670 343 710 410 39

282 527 386 584 aestus
409 526 474 582 eret
495 523 678 608 mediusque
700 525 784 589 dies.
801 576 807 590 .
822 577 848 590 ..

284 629 381 691 fessus
403 627 437 691 in
461 629 591 694 herbosa
614 632 717 715 posuit
738 653 793 696 sue
816 654 941 718 corpore
962 641 1045 698 terre

284 755 393 797 cervus
417 742 447 796 et
468 735 595 800 arborea
618 737 715 820 frigus
738 739 869 803 ducebat
890 741 929 804 ab
951 741 1070 805 umbra.

283 841 365 903 hunc
388 862 463 924 puer
484 841 667 926 imprudens
689 844 789 910 iaculo
812 845 995 931 Cyparissus
1016 852 1106 911 acuto

283 947 352 1010 lixit
363 997 449 1010 .....
1012 958 1015 968 ’

145 1053 208 1127 Quo
229 1053 314 1114 enirn
337 1053 427 1117 modo
450 1055 567 1117 lactum
591 1061 645 1134 est,
668 1063 704 1118 ut
716 1057 898 1140 Cyparissus
921 1079 1048 1124 cervum
1070 1059 1170 1124 iaculo
1192 1057 1324 1142 figeret?

80 1157 159 1221 Vides
189 1158 338 1223 Ovidium
365 1181 447 1238 rem,
477 1183 569 1244 quem
600 1162 722 1225 invenit
753 1163 787 1228 in
817 1166 916 1244 fonte,
948 1165 1059 1230 leviter
1087 1166 1243 1249 tetigisse,
1273 1163 1327 1228 sed

79 1265 158 1327 etiem
179 1265 354 1328 confudisse
377 1267 519 1330 conicias.
564 1269 643 1332 Nem
675 1270 897 1353 quaestionem,
926 1293 1019 1355 quam
1047 1273 1141 1352 movi,
1170 1271 1264 1336 solvit
1294 1272 1324 1334 l:

79 1372 271 1454 Cyparissum,
294 1393 364 1435 cum
389 1373 546 1452 dormiret,
569 1374 672 1439 subito
695 1376 826 1460 strepitu
842 1377 1012 1441 excitatum
1036 1400 1162 1442 cervum
1186 1399 1239 1462 pro
1257 1379 1320 1440 lora

77 1480 201 1542 habitum
232 1478 388 1542 occidisse.
430 1479 528 1554 Quem
558 1501 622 1544 rem
653 1480 783 1544 Ovidius
813 1482 888 1546 falso
915 1483 1058 1546 retulisse
1087 1483 1219 1561 videtur,
1249 1503 1321 1546 cum

78 1609 118 1669 pro
139 1585 308 1649 dormiente
331 1606 424 1668 puero
447 1607 573 1649 cerrum
602 1587 808 1651 dormientem
838 1589 949 1672 posuit.
998 1590 1107 1673 ltaque
1136 1610 1197 1653 non
1219 1589 1321 1653 solum

77 1693 137 1756 haec
159 1693 251 1755 verba
272 1693 315 1756 lA
340 1693 395 1769 ΙΙΙ,
406 1693 466 1756 680
494 1692 673 1772 sedetiam,
705 1716 783 1778 quae
804 1695 887 1780 apud
909 1695 959 1759 SA
983 1697 1038 1774 111,
1048 1696 1116 1774 680,
1140 1696 1185 1760 lA
1208 1696 1264 1772 ΙΙΙ,
1274 1697 1323 1780 64,

78 1799 119 1861 PG
145 1800 231 1876 laec
260 1820 331 1863 cum
361 1799 472 1863 Ovidio
503 1808 685 1882 congruunt,
708 1802 747 1864 ed
777 1804 893 1866 fontem
924 1801 1029 1866 Ovidii
1060 1823 1121 1866 non
1148 1802 1187 1865 ad
1216 1801 1322 1885 ipsum

79 1905 165 1968 redire
186 1927 303 1968 consec.

146 2013 189 2076 De
211 2012 319 2075 Glauci
350 2033 421 2094 erge
441 2011 579 2094 Scyllam
602 2033 705 2076 amore
732 2013 795 2077 iarn
818 2013 938 2097 Hedyle
960 2014 1090 2095 (Athen.
1113 2014 1183 2091 Vll,
1194 2015 1255 2076 296
1265 2009 1325 2096 sq.)

77 2116 171 2198 egitl).
205 2119 339 2203 Excepto
362 2118 473 2183 Ouidio
495 2139 648 2202 nusquam
671 2120 805 2203 amplior
821 2119 956 2184 narratio
979 2121 1143 2184 exhibetur
1166 2119 1228 2183 nisi
1243 2117 1327 2202 apud

77 2224 305 2288 scholiastes-
327 2246 399 2288 nem
422 2227 501 2308 Hyg.
526 2226 585 2288 lab.
612 2225 669 2288 199
699 2225 846 2309 quoniam
880 2227 913 2290 in
942 2234 1047 2311 aperto
1078 2236 1125 2290 est
1155 2248 1193 2289 ex
1215 2225 1326 2289 Ouidio

77 2331 188 2394 luxisse
209 2333 242 2395 in
264 2353 392 2396 censum
414 2354 476 2396 non
487 2332 574 2395 venit
584 2329 611 2412 2)
628 2367 676 2410 -‚
694 2333 792 2396 nihilo
816 2333 913 2396 setius
935 2354 972 2396 ex
996 2333 1104 2396 multis
1125 2331 1221 2396 variis
1243 2330 1326 2415 apud

76 2437 242 2502 scholiastes
272 2438 502 2502 narrationibus
532 2438 632 2501 elucet
662 2439 800 2502 fabulam
829 2439 1043 2523 pervulgatam
1071 2438 1176 2501 fuisse.
1231 2436 1326 2521 Apud

76 2541 211 2608 Ovidium
243 2545 280 2607 de
306 2543 411 2627 Scylla
439 2545 518 2608 hanc
544 2545 671 2608 invenis
702 2546 838 2609 fabulam
871 2553 943 2610 met.
974 2545 1324 2624 Kilistra-xivam

76 2647 197 2713 Glaucus
219 2650 323 2734 Scylla
353 2650 484 2732 virgine,
509 2651 573 2714 lilia
596 2651 782 2730 Crataeidis,
806 2674 884 2736 quae
915 2659 962 2716 est
984 2650 1132 2736 nymphis
1154 2650 1323 2728 carissime,

74 2755 132 2818 uisa
152 2779 252 2820 amore
274 2757 462 2820 incenditur.
512 2755 572 2819 Sed
594 2778 664 2819 oum
688 2756 743 2820 illa
765 2759 901 2840 fugeret,
932 2758 1029 2820 iratus
1052 2757 1162 2820 Circen
1184 2762 1266 2834 oret,
1290 2763 1325 2817 ut

73 2882 99 2924 se
119 2865 243 2928 venenis
265 2864 401 2927 adiuvet.
446 2866 511 2941 Qua
533 2864 566 2927 in
589 2885 621 2926 re
643 2851 714 2927 cum
737 2863 824 2926 Circe
839 2885 942 2928 amore
958 2864 1025 2927 eius
1039 2863 1172 2926 adducta
1187 2883 1325 2926 amorem

73 2967 101 3030 in
121 2991 151 3032 se
174 2971 300 3049 illiciat,
330 2970 385 3033 illo
407 2991 439 3032 se
462 2969 584 3053 Scyllae
606 2969 703 3032 fidum
730 2990 762 3032 se
793 2970 1015 3053 praestiturum
1041 2990 1106 3032 esse
1129 2968 1254 3031 dicente
1276 2967 1325 3029 ira

71 3083 213 3140 commota
235 3097 390 3141 venenum
414 3076 549 3139 mixtum
572 3075 606 3138 in
629 3075 783 3157 gurgitem
808 3076 919 3138 tundit.
952 3077 1000 3138 Ac
1022 3082 1186 3159 postquam
1205 3094 1324 3138 veneno

70 3178 165 3264 Scylla
185 3191 306 3247 mutata
328 3193 382 3262 est,
406 3183 523 3248 Ulixen
538 3182 630 3246 sociis
653 3182 756 3265 privet
778 3189 944 3266 posteaque
967 3183 1001 3245 in
1020 3181 1180 3265 scopulum
1197 3201 1323 3244 conver-

71 3285 150 3350 titur.
184 3289 388 3366 llnumerebo‚
412 3288 525 3371 quibus
548 3289 639 3351 rebus
662 3288 849 3351 dissentiant
872 3288 1070 3351 scholiastae:
1094 3287 1146 3350 BB
1170 3288 1272 3364 Vite
1295 3293 1326 3349 et

70 3392 113 3455 SA
128 3396 255 3473 litteo
277 3403 307 3459 et
323 3397 347 3459 B
364 3396 468 3474 viil
489 3395 609 3458 addunt
635 3395 728 3458 metri
745 3402 865 3478 petrem
883 3394 1035 3458 Phorcum
1053 3416 1091 3456 ex
1107 3393 1209 3478 Apoll.
1228 3393 1324 3456 Rhod.

69 3499 115 3579 lV,
124 3502 183 3565 828
194 3497 337 3584 Σκύλλης
348 3501 507 3583 Αὐσονίης
523 3500 727 3583 ddcdccdccc,
739 3497 779 3584 ἣν
793 3507 865 3561 τέκε
883 3499 997 3581 Φόρκῳ
1013 3496 1203 3571 νυκτιπόλος
1212 3495 1326 3579 Ἑκάτη

65 3606 118 3690 τήν
145 3631 181 3670 τε
201 3611 343 3672 κλείουσι
366 3606 576 3691 usurarum),
609 3610 658 3672 SA
683 3610 810 3687 111,4·20
840 3615 870 3669 et
899 3608 924 3669 B
957 3608 1057 3685 Vl‚74
1088 3627 1141 3690 pro
1172 3604 1324 3668 Ovidieno

66 3717 183 3800 gurgite
213 3719 331 3781 sontem
354 3716 516 3794 exhibent,
548 3715 595 3779 SB
620 3717 722 3795 viel
744 3716 828 3780 solus
861 3714 1027 3797 praebete
1049 3713 1164 3776 Glauco
1187 3710 1324 3793 Scyllam

128 3875 153 3941 1)
174 3875 214 3927 Cf.
233 3877 312 3927 etiem
331 3876 457 3944 Aeschyli
478 3873 610 3928 Γλαῦκον
628 3872 758 3928 Πόντιον.

124 3960 153 4027 2)
172 3959 230 4012 Hoe
248 3961 333 4012 voluit
352 3961 442 4014 Rohde
462 3961 506 4014 Gr.
518 3963 619 4014 Romen
637 3979 662 4029 p.
674 3962 731 4024 125,
751 3965 843 4014 contre
863 3977 939 4029 quem
959 3964 1061 4028 pugnet
1074 3960 1164 4011 Dictae
1185 3957 1229 4010 l.l.
1248 3975 1273 4026 p.
1282 3957 1325 4023 46,

62 4059 215 4113 quamquem
235 4045 293 4113 ipse
312 4046 388 4098 docet
406 4047 434 4098 in
451 4046 500 4099 hec
514 4047 611 4115 Hygini
630 4047 721 4099 fabula
740 4047 816 4115 quasi
835 4045 1094 4099 circumlocutionem
1114 4043 1246 4112 quandam
1265 4059 1323 4095 ora·

60 4129 132 4189 tionis
152 4133 302 4185 Ouidianee
322 4149 471 4186 occurrere.

121 4218 150 4286 3)
172 4217 298 4271 Ceterum
322 4219 371 4272 hoc
397 4219 454 4272 loco
480 4220 607 4272 adnotare
625 4219 703 4270 liceat
728 4219 772 4270 BB
796 4219 881 4283 Vtut
909 4217 1023 4286 Scyllam
1050 4217 1090 4268 vel
1111 4214 1264 4268 Crataeidos
1283 4214 1325 4266 vel

58 4300 158 4358 Lamiae
178 4305 263 4357 filiam
283 4306 425 4373 appellere.
471 4306 509 4359 cf.
533 4306 614 4358 schol.
639 4305 727 4374 Apoll.
755 4304 839 4356 Rbod.
858 4303 964 4369 lusae
990 4301 1160 4373 Στησίχορος
1184 4297 1213 4350 di
1239 4292 1270 4350 ἐν
1288 4289 1324 4373 τῇ

57 4384 163 4464 Σκύλλῃ
182 4389 300 4462 Λαμίας
318 4384 372 4462 τήν
391 4387 520 4444 Σκύλλαν
538 4392 604 4461 φησί
623 4387 767 4460 θυγατέρα
787 4383 869 4440 εἶναι,
