3218 5172
927 307 970 370 50

319 491 424 568 cerpta
453 483 630 548 contulisse.
686 483 765 545 Cum
788 481 899 546 Ouidio
927 483 1053 548 vinculo
1083 484 1216 567 quodam
1245 487 1260 549 l
1286 486 1492 551 coniunctum
1521 479 1595 560 esse]

317 590 473 655 evincitur
488 611 523 654 ea
540 609 582 668 re,
598 589 679 672 quod
697 596 727 652 et
742 588 825 672 apud
845 588 992 653 Ovidium
1009 598 1039 654 et
1055 592 1137 674 apud
1152 593 1166 654 l
1182 592 1286 655 fabula
1301 593 1415 658 diluvii
1431 615 1507 656 cum
1528 595 1581 674 lp·-

317 697 421 761 caonis
434 696 584 774 cohaeret.
615 693 726 758 Simile
745 695 820 778 quid
835 696 931 759 tradit
943 695 1149 780 Apollodorus
1165 697 1293 777 111,8,2,
1309 706 1415 762 tamen
1426 700 1581 783 discrepat

316 823 378 866 nou
401 788 526 886 propter
555 801 652 885 patris
676 802 728 864 scd
752 801 888 865 filiorum
907 803 1012 879 ,scelus
1032 801 1186 866 diluvium
1210 811 1313 867 ortum
1336 805 1442 870 dicens
1465 809 1581 874 τοῦτον

317 911 393 972 ἔνιοι
422 908 478 972 dcci
507 907 567 990 τήν
595 909 661 968 τῶν
682 904 853 980 Λυκάονος
881 908 1012 970 παίδων
1035 908 1233 986 δυσσέβειαν
1255 899 1351 972 εἶπον
1373 915 1577 997 γεγενῆσθαι.

316 1017 367 1079 Ad
389 1027 507 1078 certum
531 1015 685 1097 redigitur
706 1035 777 1077 cum
794 1014 906 1078 Ovidio
926 1015 1039 1079 artiore
1061 1015 1118 1079 hoc
1140 1015 1279 1080 scholion
1299 1017 1431 1100 astringi
1453 1019 1579 1081 vinculo

317 1123 361 1185 eis
379 1122 479 1200 rebus,
503 1142 582 1205 quae
597 1121 679 1204 apud
702 1120 826 1184 nullum
844 1121 943 1184 alium
967 1121 1060 1203 legis:
1083 1121 1225 1186 homines
1247 1143 1285 1185 ex
1300 1124 1449 1206 sanguine
1466 1125 1577 1206 Gigan-

316 1237 385 1292 tum
414 1221 501 1292 uatos
525 1225 569 1308 (Ι)
599 1235 630 1290 et
659 1227 818 1291 oraculum
840 1227 1001 1290 Themidis
1024 1225 1054 1308 (l
1077 1235 1107 1290 et
1128 1227 1176 1309 P).
1218 1229 1283 1292 Aut
1314 1229 1411 1311 igitur
1437 1229 1472 1293 in
1500 1252 1577 1294 conr-

318 1335 469 1420 pendinm
492 1334 678 1411 fabularum,
703 1335 784 1417 quod
806 1333 951 1397 exhausit
971 1334 1145 1413 scholiasta,
1176 1337 1267 1399 fluxit
1290 1336 1394 1399 sabula
1417 1335 1595 1418 Ovidiaua„

317 1452 371 1506 aut
406 1441 625 1525 compendium
665 1448 695 1503 ct
724 1440 855 1504 Ovidius
883 1442 923 1504 ad
951 1462 1149 1505 communem
1176 1442 1307 1505 redeunt
1336 1446 1470 1522 sontem,
1500 1444 1595 1536 quod,

317 1548 509 1633 probabilius
538 1568 604 1610 esse
631 1547 771 1625 videtur,
803 1569 873 1610 curn
904 1546 1007 1610 l'abula
1036 1548 1204 1631 Lycaonis,
1235 1556 1269 1611 ut
1299 1569 1391 1632 supra
1413 1572 1442 1634 p.
1465 1551 1507 1613 48
1530 1541 1595 1630 del

317 1655 497 1732 monstravi,
521 1675 582 1717 non
605 1675 643 1716 ex
662 1652 782 1731 Ovidio,
806 1654 859 1716 sed
882 1675 919 1715 ex
940 1653 1007 1716 eius
1030 1655 1114 1718 fonte
1136 1654 1248 1717 hausta
1270 1655 1320 1718 sit.
1594 1631 1595 1710 i

400 1763 483 1838 Quae
513 1761 551 1824 de
582 1760 665 1824 Anio
698 1760 825 1842 eiusque
862 1760 986 1824 filiabus
1024 1761 1058 1824 11
1088 1761 1246 1825 columbas
1276 1762 1373 1825 versis
1403 1763 1575 1841 1111180

317 1868 421 1946 tradit,
444 1867 609 1931 simillima
626 1874 700 1929 sunt
723 1865 833 1930 Ovidio
851 1867 937 1944 Xlll,
950 1867 1129 1948 aaa-6743
1152 1877 1323 1932 astantem
1347 1868 1453 1932 Ovidii
1476 1859 1595 1931 tabula*

318 1975 409 2038 haec:
442 1974 554 2053 Anius,
577 1995 632 2036 rex
655 1973 726 2036 Deli
748 1980 779 2035 et
808 1972 966 2056 Apollinis
998 1974 1147 2053 sacerdos,
1179 1973 1289 2037 habuit
1310 1981 1456 2057 quattuor
1489 1975 1572 2050 filias,

319 2079 432 2162 quibus
452 2081 545 2143 Liber
561 2080 695 2156 dederat,
719 2088 753 2142 ut
776 2077 927 2162 quidquid
951 2080 1153 2161 contigissent
1175 2080 1209 2143 in
1232 2082 1434 2158 frumentum,
1458 2081 1571 2156 vinum,
1594 2131 1595 2164 ἒ

319 2185 423 2249 oleum
445 2193 627 2249 mutaretur.
673 2187 738 2262 Qua
760 2206 793 2248 re
815 2185 921 2255 audita
943 2207 1012 2248 cum
1036 2187 1239 2269 Agamemno,
1264 2194 1298 2249 ut
1320 2186 1354 2249 vi
1375 2193 1467 2269 atque
1483 2167 1595 2250 armisl

317 2293 356 2356 ad
381 2291 483 2376 copias
505 2292 631 2356 alendas
654 2296 798 2370 auferret,
821 2292 967 2370 venisset,
991 2293 1139 2376 quoniam
1157 2295 1262 2374 fugere
1277 2291 1432 2371 volebant,
1455 2293 1570 2356 vinctae

318 2406 400 2462 sunt.
433 2399 566 2462 Vinctae
587 2398 704 2462 auxilio
725 2421 744 2462 a
764 2399 883 2462 Baccho
906 2399 1003 2482 petito
1026 2399 1059 2462 in
1081 2399 1240 2463 columbas
1261 2405 1433 2461 mutantur.
1473 2399 1569 2462 Etiam
1594 2381 1595 2476 l

317 2505 412 2568 finem
446 2505 556 2569 scholii
594 2527 665 2569 cum
695 2504 805 2570 Ouidio
842 2504 1003 2569 cohaerere
1032 2512 1169 2590 apparet.
1227 2505 1307 2568 Nam
1337 2503 1467 2568 Ovidius
1500 2510 1568 2567 met.

317 2610 405 2690 Xlll,
419 2613 496 2676 646:

524 2717 615 2799 Quod
637 2719 721 2782 enim
743 2717 823 2782 maai
841 2717 931 2797 filias
953 2716 1066 2781 absens

442 2827 610 2909 aucilim,
631 2847 722 2913 qaam
744 2828 828 2892 dicto
849 2847 906 2890 suo
928 2826 1111 2891 denomino
1132 2827 1225 2890 tellas

440 2939 572 3002 Andros
593 2937 694 3015 hahet,
715 2957 778 3020 pro
798 2943 891 3016 patre
914 2939 1073 3017 locumque
1095 2943 1123 3000 et
1145 2955 1244 3016 regna
1265 2935 1442 2998 tenentem?

318 3052 349 3108 et
372 3046 447 3110 facit
468 3046 630 3110 Anchisen
653 3047 809 3110 dicentem
830 3066 859 3108 v.
880 3047 956 3110 640:
1260 3042 1262 3044 ’

440 3175 511 3220 cum
531 3157 673 3240 primam
693 3155 770 3218 haec
790 3155 915 3218 moenia
935 3153 1011 3218 cidi.

399 3263 469 3326 Non
497 3263 603 3345 magui
632 3261 784 3327 momenti
814 3269 862 3326 est
890 3261 974 3325 huuc
1005 3261 1274 3342 Agamemnonem
1308 3258 1412 3343 ipsum
1444 3258 1566 3333 venisse,

316 3367 516 3432 scholiastam
532 3369 665 3447 misisse,
689 3368 743 3451 qui
758 3387 809 3431 eas
831 3373 1032 3444 accerserent,
1053 3366 1183 3443 tradere,
1206 3386 1278 3427 nam
1299 3373 1407 3429 notum
1431 3370 1477 3428 est
1498 3361 1568 3426 illud

316 3475 470 3539 tironibus
492 3475 612 3554 tritum,
637 3475 719 3558 quod
741 3474 811 3558 quis
833 3495 888 3558 per
909 3473 1009 3536 alium
1027 3472 1109 3550 fecit,
1131 3471 1236 3556 ipsum
1260 3471 1369 3534 secisse
1386 3470 1457 3534 dici.
1487 3471 1567 3532 Prae·

315 3587 400 3644 terea
421 3581 566 3645 abhorret
589 3581 720 3645 Ovidius
741 3602 760 3644 a
784 3579 962 3656 scholiasta,
995 3599 1067 3642 cum
1094 3578 1146 3641 hio
1171 3585 1234 3640 tres
1254 3577 1308 3640 ille
1331 3584 1476 3660 quattuor
1498 3575 1567 3638 filias

316 3689 411 3752 fnisse
426 3687 513 3767 dicit,
530 3689 677 3772 deestque
688 3687 770 3771 apud
783 3709 855 3750 eum
866 3686 969 3749 Anius
978 3685 1138 3770 Apollinis
1154 3684 1238 3747 filius
1253 3681 1413 3748 01αἴτιον.
1442 3683 1565 3746 Demon·

317 3794 429 3859 stravit
444 3795 588 3858 Wentzel
605 3794 717 3858 Philol.
732 3795 772 3857 Ll
788 3807 817 3878 p.
829 3794 870 3856 46
894 3792 1043 3856 Ovidium
1066 3790 1167 3854 redire
1190 3790 1230 3853 ad
1252 3795 1432 3873 excerptum
1454 3788 1565 3871 mytho·

315 3901 459 3984 logicum,
484 3901 572 3964 cuius
588 3922 711 3964 summa
727 3900 821 3964 fuerit
838 3898 947 3961 αἴτιον
965 3898 1219 3974 Callimacheum,
1243 3895 1333 3978 quod,
1358 3915 1432 3958 cum
1448 3893 1565 3959 Ouidius

315 4007 444 4091 poeticis
467 4007 569 4082 causis
591 4012 764 4070 commotus
785 4014 937 4085 mutaret,
961 4005 1161 4069 scholiastam
1183 4022 1331 4066 servasse.
1375 3999 1481 4064 Etiam
1501 3995 1566 4062 Anii

314 4113 411 4176 filiam
433 4113 472 4176 ab
495 4114 602 4176 Aenea
623 4119 797 4196 stupratam
819 4133 857 4176 01
879 4113 935 4175 hoc
958 4119 1101 4195 excerpto
1122 4110 1248 4174 fluxisse
1270 4109 1332 4172 sihi
1353 4106 1516 4191 persuasit,
1536 4122 1565 4165 er

314 4241 375 4303 qua
390 4219 521 4284 Ovidius
542 4218 649 4282 addita
669 4219 841 4282 narrationi
857 4218 1024 4302 primariae
1047 4225 1189 4300 quartam
1208 4215 1271 4278 sihi
1287 4214 1429 4278 tinxisset
1444 4229 1565 4278 sororem

313 4327 479 4391 scholiasta
508 4333 571 4388 tres
602 4325 752 4388 tradente.
803 4325 898 4388 Cuius
925 4324 972 4387 rei
1000 4333 1157 4388 auctorem
1187 4320 1412 4405 Palaephatum
1441 4321 1455 4382 l
1480 4321 1563 4392 affert,
