3218 5172
896 358 938 422 48

287 536 461 621 inspexisse
484 536 641 601 Ovidium.
687 539 795 620 ltaque
817 535 1067 601 concludendum
1092 541 1138 597 est
1159 534 1192 600 in
1213 547 1409 625 compendio
1435 553 1582 622 frustula

291 642 448 706 exstitisse
471 642 634 706 Ovidiana.
679 643 845 719 Quaeritur
875 664 948 706 num
980 649 1045 706 tota
1067 640 1186 725 reliqua
1208 651 1348 714 narratio
1373 655 1512 724 fluxerit
1536 687 1577 728 ex

292 748 412 812 Ovidio.
449 749 627 814 Abhorrent
642 749 824 814 scholiastae
844 751 883 812 ab
900 749 1011 813 Ovidio
1027 755 1152 811 centum
1176 751 1279 816 oculos
1301 761 1481 838 praebente
1500 750 1592 844 cumi

288 854 474 938 Apollodoro
486 845 570 935 (εἶχε
591 855 628 916 δέ
644 844 736 929 οὗτος
752 854 950 936 ὀφθαλμοές
965 858 1027 934 μὲν
1050 853 1087 916 ἐν
1109 855 1209 916 παντὶ
1231 861 1278 938 τῷ
1292 860 1448 952 σώματι)
1462 883 1495 937 ey
1508 878 1575 959 Hy,
1591 859 1592 920 l

291 960 363 1042 gino
378 959 453 1041 (lab.
470 959 542 1041 145)
560 962 681 1043 Argum
699 963 855 1026 oculatum
871 962 1017 1026 onmibus
1033 961 1183 1024 membris
1198 984 1492 1042 commemorantes
1509 981 1572 1062 (S).

373 1069 478 1132 Ionem
504 1068 611 1131 inachi
636 1068 731 1131 liliam
758 1069 818 1132 iam
838 1070 945 1132 (fastor
965 1069 1048 1153 apud
1064 1067 1287 1151 Apollodorum
1313 1077 1355 1154 ll,
1378 1082 1436 1158 l,3
1461 1089 1574 1168 tradit,

289 1175 408 1255 Argum
443 1173 544 1236 filium
573 1174 729 1238 Arestoris
757 1175 949 1258 Pherecydes
977 1174 1058 1258 apud
1082 1173 1243 1258 Apollod.;
1274 1191 1379 1248 oestro
1412 1190 1573 1271 agitatam

286 1281 394 1342 lonem
415 1279 639 1362 Apollodorus;
662 1281 764 1344 oculos
781 1281 859 1362 Argi
878 1281 908 1344 in
927 1281 1054 1365 pavonis
1071 1280 1166 1344 cauda
1182 1282 1297 1364 positos
1315 1291 1593 1374 antiquissimus¹

285 1384 381 1447 testis
404 1394 449 1447 est
472 1385 614 1448 Moschus
636 1388 664 1464 ⁶2,
676 1388 724 1450 59.
774 1388 882 1450 Totam
915 1387 1050 1451 l'abulam
1083 1386 1261 1451 huiusmodi
1285 1393 1412 1474 primus
1437 1402 1574 1486 Apollo·

288 1491 381 1554 dorus
405 1491 425 1554 l.
444 1490 463 1554 l.
487 1499 608 1570 narrat,
637 1492 691 1555 scd
713 1502 832 1556 certum
855 1502 901 1556 est
928 1493 992 1556 iarn
1016 1493 1114 1556 multo
1136 1500 1227 1556 antea
1250 1501 1478 1584 pervulgatam
1502 1507 1593 1574 esse¹

288 1596 344 1678 (ab
357 1597 490 1661 Hesiodo
502 1594 540 1677 ?).
583 1599 691 1681 ltaque
714 1599 767 1682 qui
790 1600 1009 1684 compendium
1033 1598 1206 1681 composuit
1228 1622 1266 1664 ex
1282 1603 1399 1672 Ovidio
1424 1613 1575 1682 fabulam

293 1701 432 1766 hauserit
454 1725 578 1768 necesse
600 1725 661 1768 non
683 1711 738 1767 est.
1587 1687 1593 1700 ⁶

376 1811 441 1873 Hoc
470 1810 534 1875 loco
556 1809 721 1874 nonnullas
747 1808 867 1872 tabulas
895 1810 1067 1886 adnectam,
1096 1830 1175 1892 quae
1201 1811 1356 1879 eiusmodi
1380 1830 1459 1886 sunt
1482 1848 1573 1891 com-

291 1923 426 2000 paratae,
456 1917 548 1980 utin
577 1916 759 1980 universum
787 1923 957 2000 congruant
986 1938 1056 1980 cum
1089 1915 1209 1995 Ouidio,
1243 1920 1297 1982 sed
1332 1944 1400 1988 rem
1423 1932 1574 2015 amplius

292 2021 404 2086 Ouidio
427 2029 561 2086 tractent
585 2023 638 2101 ita,
659 2031 693 2086 ut
714 2045 777 2086 non
797 2023 878 2086 alius
900 2022 1087 2087 narrationis
1110 2023 1278 2106 particulas
1302 2026 1489 2098 immiscere
1515 2041 1573 2102 sed

294 2129 424 2191 eandem
446 2150 512 2192 rem
534 2129 708 2193 accuratius
733 2130 860 2193 reddere
883 2130 1056 2193 videantur.
1101 2131 1182 2205 Quas
1205 2152 1312 2196 omnes
1335 2156 1398 2201 non
1422 2141 1465 2203 ad
1491 2143 1570 2209 Ori-

293 2235 380 2298 dium
404 2236 457 2298 scd
479 2236 517 2298 ad
540 2235 606 2298 eius
627 2237 741 2298 iontem
765 2238 887 2298 reseres
925 2236 969 2298 De
985 2236 1124 2318 Lycaone
1140 2234 1246 2299 Ovidii
1268 2238 1344 2303 haec
1367 2251 1416 2305 est
1435 2248 1566 2313 t'abula:

291 2343 422 2425 Lycaon,
436 2342 490 2426 qui
507 2343 575 2407 Iovi
587 2364 709 2406 carnem
721 2343 900 2417 humanam,
918 2350 953 2406 ut
969 2343 1155 2427 epularetur,
1171 2354 1364 2428 apposuerat,
1388 2360 1567 2436 postquam

293 2448 435 2512 aedificia
464 2448 531 2511 eius
561 2448 692 2511 fulmine
722 2448 826 2511 diruta
850 2456 937 2527 sunt,
969 2449 1002 2510 in
1025 2449 1134 2532 lupum
1157 2458 1365 2516 commutatus
1388 2463 1447 2519 est.
1500 2462 1568 2536 Quo

293 2558 371 2618 l'acto
400 2555 540 2639 luppiter
568 2577 640 2618 curn
666 2555 732 2618 deis
761 2554 937 2637 deabusque
969 2554 1130 2619 constituit
1159 2555 1301 2620 homines
1324 2561 1467 2642 perdere.
1514 2569 1567 2630 Ab

290 2661 347 2724 hac
370 2661 545 2725 narratione
567 2660 700 2724 discedit
721 2664 783 2725 lea
803 2683 843 2739 re,
866 2662 946 2744 quod
969 2668 1089 2746 patrem
1110 2662 1175 2725 filio
1197 2661 1284 2743 (cum
1301 2664 1434 2731 Ovidius
1459 2671 1568 2737 horni-

292 2789 366 2831 nem
388 2767 544 2850 quandam
564 2764 660 2846 dicat)
689 2768 754 2831 Iovi
776 2767 916 2850 apposito
940 2768 1072 2830 l'ulminc
1095 2778 1240 2833 necatum
1263 2792 1329 2834 esse
1350 2776 1461 2854 tradit,
1487 2802 1565 2844 cum

287 2873 370 2958 apud
395 2872 543 2936 Ovidium
566 2873 600 2935 in
622 2872 730 2956 lupum
754 2874 852 2936 abeat.
896 2873 1013 2937 Filium
1034 2875 1213 2958 appositum
1238 2885 1332 2960 atquc
1354 2901 1372 2942 a
1394 2880 1475 2946 liliis
1502 2909 1567 2951 non

289 3003 307 3044 a
335 2988 421 3064 patre
451 2987 620 3043 mactatum
650 2980 727 3043 dicit
748 2980 843 3044 etiam
871 2980 971 3043 Treta.
995 2980 1128 3064 Lycoph.
1150 2982 1227 3045 482:
1258 2984 1288 3044 οἱ
1310 2984 1347 3046 δέ
1368 2987 1492 3050 τούτου
1521 2995 1567 3057 οἱ-

289 3086 319 3148 oi
342 3085 532 3164 ἀπόπειραν
548 3083 735 3165 ποιούμενοι
756 3083 786 3147 ai
807 3084 885 3157 arog
900 3085 980 3163 ἐστι,
1001 3093 1078 3164 κρέα
1093 3090 1286 3166 κομίσαντες
1302 3089 1356 3151 καὶ
1374 3092 1416 3154 ra*
1432 3099 1564 3161 Νυκτί-

285 3215 349 3272 μου
380 3201 502 3274 κρέατα
534 3197 758 3273 συμμίξαντες
790 3196 857 3265 τοῖς
887 3188 994 3265 ἄλλοις
1024 3200 1146 3271 κρέασι,
1178 3200 1379 3277 παρέθηκαν
1414 3203 1463 3280 τῷ
1497 3213 1566 3269 Διί,

288 3300 453 3383 Nyctimus
467 3309 573 3364 autem
588 3299 758 3363 secundum
774 3299 962 3362 Pausaniam
979 3299 1092 3378 Vlll,3
1108 3308 1139 3362 et
1153 3300 1378 3383 Apollodorum
1391 3306 1448 3384 ΙΙΙ,
1461 3309 1492 3387 8,
1509 3315 1567 3390 1,2

287 3406 370 3469 filius
394 3415 443 3469 est
468 3407 626 3492 Lycaonis
667 3406 873 3490 Apollodorus
895 3406 992 3469 tradit
1014 3428 1085 3470 cum
1108 3406 1167 3469 lilii
1191 3408 1342 3489 Lycaonis
1364 3411 1568 3492 σφάξαντες

287 3512 345 3574 ἕνα
368 3515 433 3573 τῶν
463 3513 645 3593 ἐπιχωρίαν
674 3534 746 3576 eum
776 3519 995 3595 temptassent,
1026 3514 1132 3576 lovem
1161 3517 1364 3591 capricornium
1391 3521 1564 3587 Λυκάονα

286 3619 342 3682 καὶ
360 3618 436 3692 τούς
457 3619 594 3691 παῖδας.
632 3619 720 3682 Idem
742 3620 779 3682 de
808 3619 922 3682 scelere
943 3619 1078 3681 liliorum
1103 3621 1183 3702 Hyg.
1206 3620 1266 3683 lab.
1292 3621 1350 3684 176
1373 3625 1510 3705 praebet
1535 3643 1565 3696 et

286 3735 404 3810 patrem
428 3733 593 3790 mutatum.
627 3727 720 3788 Recte
743 3725 901 3789 intellexit
923 3726 1074 3788 Maassius
1096 3726 1129 3789 in
1152 3725 1256 3789 indice
1278 3726 1347 3790 lect.
1373 3728 1564 3814 Gryphisw‚

287 3842 361 3898 aest.
387 3835 465 3897 1894
487 3855 516 3917 p.
543 3836 579 3896 16
600 3833 676 3896 duas
700 3833 818 3895 fabulas
848 3832 1021 3909 exstitisse,
1053 3832 1086 3894 in
1116 3853 1247 3914 quarum
1276 3832 1374 3896 altera
1395 3845 1501 3918 pater,
1531 3845 1566 3909 in

286 3940 383 4004 altera
405 3939 463 4003 lilii
485 3939 585 4002 scelus
607 3939 641 4002 in
663 3940 766 4002 lovem
784 3939 1006 4016 commiserint,
1029 3959 1090 4021 qua
1105 3938 1142 4001 de
1159 3960 1250 4002 causa
1267 3939 1300 4002 in
1316 3940 1372 4002 hac
1387 3940 1566 4016 historiola

286 4046 344 4109 filii
361 4045 493 4108 fulmine
510 4044 610 4108 necati
627 4052 738 4122 essent,
762 4044 794 4106 in
817 4044 873 4108 illa
894 4052 981 4128 pater
998 4051 1052 4107 aut
1074 4043 1205 4107 fulmine
1228 4045 1308 4109 ictus
1325 4053 1378 4109 aut
1400 4059 1565 4123 mutatus,

286 4154 350 4216 llas
379 4152 499 4216 l'abulas
522 4151 652 4215 Ovidius
676 4150 819 4234 Hyginus
848 4152 1053 4235 Apollodorus
1082 4152 1109 4214 is
1132 4152 1186 4235 qui
1208 4153 1347 4235 syllogen
1378 4155 1566 4231 Mediceam

285 4259 473 4344 composuit,
497 4259 716 4342 compendium
738 4279 776 4320 ex
799 4279 858 4340 quo
882 4259 893 4320 Ι
916 4258 1021 4321 hausit
1042 4258 1092 4321 rel
1116 4258 1255 4322 consulto
1285 4260 1335 4324 vel
1363 4261 1445 4326 vitio
1481 4270 1587 4338 mis.¹

285 4374 397 4446 centes,
422 4387 458 4429 ex
482 4364 640 4428 communi
663 4366 745 4427 l'cnte
768 4365 956 4448 excerpsisse
978 4364 1134 4429 videntur.
1585 4383 1586 4387 ’
