3218 5172
643 327 683 390 45

54 525 157 582 censeo,
182 525 282 587 neque
306 503 446 567 Bacchus
468 505 523 568 sed
544 503 669 568 Silenus
691 503 845 567 beneficus
868 502 963 566 fuisse
985 499 1108 564 dicitur.
1152 502 1295 585 Hyginus

54 614 165 677 1111191
190 632 260 674 cum
284 611 367 674 dicat
383 610 525 674 Silenum
547 611 586 673 ad
602 610 759 674 Bacchum
781 631 846 674 esse
864 609 1032 672 adductum
1049 609 1159 673 Ovidio
1177 611 1294 674 Midam

53 720 135 802 ipsum
157 718 268 781 ducem
292 715 473 780 nominante
495 726 526 780 et
547 717 639 780 addat
662 716 809 781 Liberum
830 723 951 800 patrem
974 735 1044 778 curn
1066 718 1234 781 exercitum
1259 720 1293 782 11

52 823 162 887 indiam
185 823 327 886 duxisset
349 821 490 885 Silenum
520 822 692 906 perdidisse
714 829 745 884 et
773 829 897 905 propter
919 822 1116 886 enuntiatum
1140 823 1294 908 Chrysor-

52 931 128 992 rhoas
148 930 329 1013 appellatur
348 930 383 991 in
399 927 504 1009 Lydia
527 950 563 991 111
587 929 653 1012 ipso
675 927 786 992 Ovidio
811 927 949 990 hausisse
972 949 1031 991 non
1053 937 1161 1012 potest,
1185 951 1292 1014 quarn·

52 1059 124 1119 quam
137 1036 258 1099 Dietzio
274 1035 293 1098 l.
307 1035 327 1098 l.
346 1057 372 1118 p.
385 1035 426 1097 44
441 1034 591 1098 1111111111
607 1035 708 1098 111111
728 1033 837 1097 1111111
849 1033 994 1096 Ovidiaui
1011 1034 1150 1114 vestigia.
1184 1037 1291 1120 ltaque

52 1143 202 1206 verisimile
233 1149 280 1204 est
303 1141 358 1205 hos
377 1149 440 1204 tres
456 1140 603 1204 Ovidium
620 1141 781 1222 Hyginum
804 1141 817 1202 l
841 1140 879 1202 ad
903 1161 998 1203 unum
1016 1143 1132 1204 iontem
1145 1142 1245 1206 redire
1257 1141 1290 1223 ¹).

117 1249 260 1312 Arachne
282 1247 380 1330 Lydia
401 1246 582 1324 aMinerva,
607 1268 738 1330 quacum
762 1245 1031 1309 artilioiotexendi
1051 1248 1190 1327 certavit,
1207 1248 1291 1312 victa

51 1365 73 1417 11
97 1357 201 1438 laqueo
230 1375 263 1417 11
292 1373 479 1437 suspensura
508 1351 541 1415 in
572 1373 718 1418 araneam
739 1358 859 1414 mutata
882 1359 937 1414 est.
982 1352 1062 1415 Huic
1088 1353 1193 1417 Ovidii
1216 1363 1289 1418 met.

52 1463 92 1539 Vl,
107 1463 221 1524 1-145
246 1443 369 1524 lnbulae
392 1459 579 1543 respondent
591 1458 638 1522 SG
655 1459 777 1535 luna?
802 1464 832 1521 et
853 1459 868 1521 l
885 1458 1024 1522 eiusdem
1040 1459 1108 1538 loci,
1126 1481 1197 1524 oum
1213 1482 1291 1544 quae

50 1569 88 1630 PG
108 1569 230 1648 111246
253 1566 387 1645 exhibet,
417 1566 584 1629 Arachnen
614 1565 769 1649 captivam
798 1587 817 1628 a
839 1565 937 1628 Marte
964 1566 1122 1630 Minervae
1144 1568 1290 1632 donatam

49 1697 107 1752 esse,
135 1696 234 1758 neque
262 1673 345 1757 apud
374 1671 524 1736 Ovidium
553 1693 652 1754 neque
675 1672 756 1756 apud
787 1658 887 1735 aliuin
918 1692 1107 1755 quemquam
1136 1673 1288 1737 invenias.

48 1782 169 1844 Breviter
191 1781 331 1862 tangitur
346 1780 451 1843 fabula
473 1780 556 1864 apud
572 1780 718 1842 Nonnum
741 1779 927 1857 xv111‚215
950 1787 980 1842 et
1002 1779 1064 1857 XL,
1075 1779 1145 1844 303.
1179 1781 1288 1864 ltaque

49 1909 105 1950 enm
124 1889 146 1950 P
173 1887 212 1950 ad
242 1885 391 1950 Ovidium
413 1885 611 1949 nullomodo
633 1884 734 1948 redire
757 1885 869 1968 possit,
899 1884 920 1948 S
942 1892 973 1947 et
995 1887 1010 1949 Ι
1030 1886 1137 1949 eodem
1160 1885 1227 1949 iure
1248 1887 1288 1950 ad

48 2013 111 2071 eum,
134 2014 191 2076 quo
213 1992 253 2055 ad
275 1992 342 2054 eius
364 1993 481 2056 fontem
503 1993 625 2054 referes

111 2101 174 2162 lam
195 2098 328 2162 Procnes
350 2106 380 2161 et
396 2097 588 2161 Philomelae
611 2097 748 2160 fabulam
773 2119 811 2160 111
835 2096 945 2160 Ouidio
966 2101 1039 2159 met.
1059 2098 1288 2175 viana—674

45 2225 184 2288 exponam.
228 2206 362 2282 Procne,
386 2203 555 2268 Pandionis
577 2203 658 2286 regis
682 2202 925 2266 Atheniensium
947 2203 1032 2281 lilia,
1068 2224 1146 2286 quae
1179 2204 1284 2283 Tereo,

48 2311 97 2392 regi
113 2311 268 2388 Thraciae,
291 2309 387 2395 (patri
408 2310 562 2374 auxilium
580 2307 706 2390 ferenti)
729 2318 885 2393 nupserat,
909 2317 978 2392 post
999 2309 1146 2392 quintum
1169 2333 1287 2376 annum

45 2438 57 2478 a
80 2419 184 2482 marito
207 2417 336 2502 petivit,
366 2424 401 2479 ut
431 2415 638 2480 Philomelam
667 2435 801 2479 sororem
829 2415 964 2477 Athenis
993 2415 1031 2478 ad
1054 2436 1085 2478 se
1111 2417 1286 2481 adduceret.

47 2525 96 2596 Quo
115 2546 184 2586 cum
207 2525 323 2587 Tereus
344 2523 482 2586 venisset
504 2530 534 2584 et
552 2520 759 2584 Philomelam
771 2520 911 2600 vidisset,
935 2542 1038 2585 amore
1061 2522 1206 2586 incensus
1229 2531 1284 2586 est.

46 2630 134 2712 ltaque
155 2652 226 2695 cum
249 2631 289 2694 ad
311 2629 477 2692 Thraciam
497 2628 701 2712 appulissent,
725 2626 932 2690 Philomelam
955 2627 988 2690 in
1009 2635 1157 2692 secretam
1181 2651 1285 2693 casam

44 2742 152 2800 tractam
174 2737 356 2821 compressit
379 2745 427 2816 et,
458 2757 496 2799 ne
520 2735 639 2799 lacinus
661 2735 840 2813 nuntiaret,
864 2734 971 2817 lingua
991 2735 1136 2818 privavit.
1179 2737 1284 2820 Atque

44 2845 182 2928 cumipse
205 2845 243 2908 ad
266 2866 394 2908 uxorem
416 2863 558 2906 reversus
580 2840 802 2922 (Philomelam
821 2848 976 2904 mortuam
994 2862 1059 2904 esse
1076 2842 1283 2923 commentus)

44 2957 117 3028 esset,
150 2951 323 3015 Philomela
352 2950 473 3013 inclusa
502 2949 622 3012 lacinus
653 2947 731 3010 vesti
763 2947 921 3010 intextum
948 2947 988 3010 ad
1017 2948 1153 3011 Procnen
1186 2950 1282 3013 misit.

43 3055 92 3127 Qua
111 3079 142 3119 11
163 3064 289 3140 accepta
312 3063 475 3139 postquam
498 3055 579 3117 clam
609 3074 744 3117 sororem
766 3053 936 3138 adpetivit,
968 3062 1066 3117 mater
1088 3054 1188 3118 lilium
1212 3057 1284 3138 ltyn

42 3169 141 3226 coctum
171 3163 253 3248 patri
282 3162 434 3246 adposuit.
485 3161 605 3224 Deinde
635 3159 721 3242 (cum
751 3169 820 3244 post
851 3182 958 3224 cenam
988 3160 1162 3226 Philomela
1192 3169 1284 3246 caput

108 3400 132 3465 1)
151 3401 244 3452 Dietze
263 3399 280 3450 l.
295 3400 312 3450 l.
332 3416 356 3466 p.
369 3399 403 3450 44
422 3399 482 3450 adn.
502 3398 517 3449 2
537 3400 681 3466 praeeunte
701 3397 803 3448 Rohdio
823 3396 866 3448 Gr.
882 3398 956 3450 Rom.
978 3415 1003 3466 p.
1023 3398 1073 3450 204
1093 3399 1148 3450 vult
1167 3399 1178 3451 l
1197 3401 1282 3452 Theo-

41 3497 143 3550 pompum
169 3490 303 3538 auctorem
329 3483 587 3536 inhacfabulaad
607 3483 870 3548 1114111111
891 3486 973 3552 sequi.
1011 3484 1062 3538 Sed
1083 3488 1195 3554 primum
1216 3488 1282 3539 nihil

40 3583 108 3622 111111
131 3590 235 3638 rerum,
262 3589 372 3640 quarum
398 3571 474 3623 testis
501 3571 687 3638 Theopompus
714 3569 798 3636 BVl,
811 3569 842 3622 13
862 3574 887 3622 et
906 3571 938 3623 26
965 3571 1124 3638 advocatur,
1150 3575 1200 3626 hoc
1225 3575 1282 3626 loco

40 3652 129 3723 legitur,
154 3663 228 3724 turn,
255 3658 325 3726 quod
344 3657 508 3725 Theopompi
527 3660 568 3708 est
590 3663 681 3722 postea
707 3655 823 3708 111111ῑί1
840 3664 932 3723 sponte
958 3659 1108 3710 labentibus
1132 3661 1282 3723 liberatam,

41 3745 175 3798 contradicit
208 3745 220 3796 l
254 3745 341 3796 verbis
372 3745 542 3795 miseratione
569 3745 608 3794 vel
630 3744 781 3809 prudentia
809 3761 868 3795 eum
902 3751 926 3796 et
959 3747 1056 3797 resolvi
1084 3747 1156 3810 fecit.
1201 3747 1282 3798 immo

39 3826 119 3884 facilins
144 3833 269 3884 censebis
296 3848 343 3899 per
369 3832 381 3882 l
405 3830 445 3881 vel
472 3830 529 3880 eius
558 3829 639 3880 fontis
665 3830 858 3897 neglegentiam
879 3831 1010 3884 Bacchum
1035 3833 1180 3885 beneficum
1200 3834 1281 3885 inter·

40 3913 124 3982 cidisse,
152 3933 235 3986 quem
255 3917 364 3968 Ovidius
384 3922 409 3967 et
429 3915 549 3982 Hyginus
575 3914 701 3966 exhibent
728 3915 818 3984 (atque
843 3917 902 3968 vide
921 3921 1037 3970 tenorem
1058 3920 1133 3987 quasi
1152 3920 1281 3972 incertum

40 4000 106 4053 scholii
133 4009 163 4055 ut
193 4004 271 4056 omni
298 4001 814 4068 1111αὸ1111111111111111111111)
843 4031 875 4039 -
905 4008 983 4055 aute
1003 4005 1106 4058 duobus
1129 4007 1280 4058 nominibus

41 4083 189 4142 laneficorum
213 4090 332 4154 deorum,
353 4105 419 4156 quae
439 4088 580 4139 exstabant
598 4087 626 4137 in
648 4088 812 4155 compendio,
832 4089 948 4140 Silenum
968 4091 1079 4143 electum
1098 4108 1155 4143 esse
1175 4121 1216 4156 -,
1234 4092 1280 4144 sed

39 4177 163 4230 1111111111
184 4193 242 4228 rem
271 4191 334 4242 agas
357 4175 529 4238 sententiam,
550 4189 628 4240 quam
648 4188 729 4240 supra
749 4173 781 4224 de
801 4174 893 4226 Ovidio
915 4175 1018 4244 Hygino
1039 4177 1049 4227 l
1068 4176 1181 4244 protuli,
1207 4182 1279 4228 tuam

23 4255 103 4326 ¹lacios.
137 4265 233 4332 Neque
254 4265 344 4314 tamen
362 4261 549 4328 Theopompus
574 4257 678 4308 diversa
696 4258 802 4311 fabulae
820 4260 904 4312 forma
923 4267 1001 4330 atque
1021 4279 1073 4330 qua
1094 4263 1119 4313 hi
1137 4279 1202 4314 usus
1222 4279 1280 4316 esse

39 4345 122 4418 videtur,
141 4367 203 4403 eum
223 4347 324 4400 Midam
344 4364 403 4399 cum
422 4345 511 4398 Sileno
531 4343 710 4411 disputantem
729 4343 847 4414 fingeret.
