3218 5172
6 871 46 924 χ

673 307 733 399 '25

165 513 301 596 Apparet
322 512 418 594 igitur
441 513 639 577 scholiastam
655 513 820 595 antiquum
841 512 1058 595 Vergilianum
1074 510 1223 575 Ouidium
1239 508 1344 593 ipsum

91 641 147 684 non
166 619 351 703 inspexisse,
374 641 448 684 narn
471 620 503 682 id
526 619 553 682 si
576 620 707 698 fecisset,
732 619 879 683 Ouidium
902 626 1014 683 testem
1033 616 1244 702 compluriens
1266 615 1342 679 falso

90 747 147 788 non
166 725 333 788 adhiberet.

166 833 207 896 Ut
238 832 345 915 paucis
373 839 520 916 repetam,
550 853 628 915 quae
661 831 839 895 disserendo
861 831 994 895 assecuti
1023 850 1147 894 sumus:
1182 828 1342 905 Quondam

90 937 180 1001 homo
194 938 300 1002 doctus
323 938 497 1022 composuit
519 939 739 1022 compendium
761 937 1065 1021 metamorphoseon,
1095 957 1154 1019 quo
1177 933 1342 999 scholiasta

90 1044 207 1126 quidam
218 1043 418 1126 Vergilianus
434 1066 507 1110 usus
523 1052 570 1108 est
585 1067 641 1108 uec
655 1051 760 1108 tamen
776 1045 842 1128 ipse
855 1043 931 1126 legit
940 1043 1098 1121 Ouidium,
1116 1041 1204 1106 cuius
1221 1048 1342 1126 praeter

90 1151 247 1214 nonnullos
277 1159 417 1214 auctores
447 1151 591 1234 antiquos
619 1150 800 1234 saepissime
830 1149 863 1213 in
892 1148 1020 1214 scholiis
1051 1147 1266 1212 testimouium
1288 1146 1341 1209 ad-

90 1258 188 1318 fertur.
231 1257 340 1319 Postea
362 1255 526 1320 scholiasta
549 1256 603 1319 illo
626 1255 754 1338 antiquo
770 1255 980 1318 intercedente
1002 1253 1036 1317 in
1052 1252 1242 1330 scholiastes
1265 1273 1341 1336 quos

91 1383 169 1423 nunc
189 1361 346 1439 habemus,
371 1361 462 1424 fluxit
483 1361 712 1445 compendium.

96 1467 98 1471 ’
144 1461 197 1529 'Si
223 1467 388 1531 scholiasta
413 1467 562 1530 Ouidium
591 1488 653 1531 non
682 1466 757 1548 legit
787 1465 824 1529 ob
854 1484 983 1546 eamque
1012 1484 1135 1528 causam
1162 1464 1342 1528 testimonia

86 1571 248 1636 inseruisse
268 1561 330 1637 non
348 1579 457 1656 potest,
482 1571 594 1635 iamin
613 1571 794 1655 compendio
816 1592 851 1634 ea
868 1570 1024 1634 exstitisse
1036 1588 1169 1634 ‘necesse
1192 1578 1246 1634 est.
1280 1571 1341 1635 Sed

87 1677 179 1740 etiam
200 1679 233 1741 in
256 1679 385 1762 reliquis
407 1678 531 1756 sabulis,
557 1678 611 1741 ubi
634 1677 764 1742 Ouidius
791 1698 853 1741 non
875 1677 989 1740 diserte
1012 1676 1209 1755 nominatur,
1239 1678 1340 1742 multa

85 1793 160 1848 sunt
181 1773 345 1849 simillima
367 1769 487 1849 Ouidio.
525 1787 639 1868 ‘Itaque
669 1785 749 1848 mihi
779 1784 924 1868 proposui
956 1784 1012 1848 hoc
1042 1783 1106 1847 loeo
1128 1782 1285 1866 inquirere
1308 1784 1341 1847 in

85 1891 200 1954 fabulas
216 1889 504 1974 metamorphoseon
518 1891 598 1974 apud
616 1890 796 1954 scholiastes
814 1889 1009 1972 Vergilianos
1021 1897 1168 1961 narratas,
1191 1911 1250 1972 quo
1270 1889 1339 1953 uin-

86 1998 153 2061 culo
170 1999 234 2060 sint
255 2019 327 2060 cum
350 1997 461 2061 Ouidio
483 1997 673 2060 coniunctae.
705 1997 811 2080 Atque
836 1997 982 2080 primum,
1005 1997 1032 2059 si
1054 1995 1170 2062 scholia
1193 1995 1340 2058 exhibent

86 2105 192 2168 Ouidio
225 2110 443 2186 congruentem
475 2103 630 2180 fabulam,
661 2105 776 2166 factum
809 2123 874 2166 esse
904 2109 1019 2186 potest,
1051 2110 1085 2166 ut
1107 2101 1150 2180 is,
1181 2101 1236 2185 qui
1258 2122 1339 2165 eom·
1371 2124 1372 2127 ¹

83 2211 227 2294 pendium
250 2209 430 2292 composuit,
453 2216 507 2272 aut
524 2230 562 2271 ex
578 2208 689 2272 Ouidio
707 2208 847 2271 hauserit
867 2214 921 2270 aut
943 2229 981 2270 ex
1003 2207 1108 2271 Ouidii
1131 2211 1223 2271 lbnte.
1258 2207 1339 2270 Tum

84 2319 198 2380 lactum
234 2335 299 2378 esse
331 2321 447 2398 potest,
490 2320 524 2376 ut
554 2312 671 2394 singuli
701 2313 815 2396 quique
845 2312 1028 2376 scholiastae
1057 2312 1158 2395 ipsum
1191 2311 1338 2375 Ouidium

83 2421 225 2484 adierint.
280 2421 342 2485 Ubi
375 2419 435 2484 duo
474 2419 538 2482 uel
560 2418 733 2502 complures
769 2418 951 2482 scholiastae
984 2418 1121 2481 tabulam
1153 2417 1338 2480 Ouidianam

81 2526 211 2604 habent,
242 2548 303 2591 non
325 2524 463 2608 singulos
485 2543 621 2606 quosque
644 2524 791 2588 Ouidium
814 2524 986 2608 inspexisse
1008 2530 1151 2607 apparet,
1181 2524 1236 2586 sed
1257 2523 1336 2585 hane

82 2632 215 2695 tabulam
240 2654 276 2695 ex
300 2630 483 2714 compendio
512 2651 566 2694 suo
590 2630 767 2714 sumpsisse.
811 2630 873 2695 Ubi
895 2637 1000 2693 autem
1023 2650 1103 2692 unus
1125 2651 1141 2691 e
1163 2629 1338 2692 scholiastis

81 2737 233 2800 Ouidiana
263 2728 375 2816 tradit,
403 2757 452 2800 res
485 2736 580 2800 dubia
609 2744 663 2800 est.
708 2736 893 2799 Videbimus
915 2736 996 2819 apud
1027 2757 1133 2799 omnes
1155 2734 1336 2798 scholiastes

81 2844 134 2905 hic
155 2845 203 2907 uel
227 2833 294 2906 illio
316 2844 455 2906 fabulam
478 2842 662 2906 Ouidianam
685 2843 736 2906 uel
761 2843 893 2906 frustula
916 2841 1069 2905 Ouidiana
1091 2841 1236 2919 inueniri,
1259 2862 1337 2924 quae

80 2949 164 3032 apud
186 2957 302 3013 ceteros
324 2971 386 3013 non
409 2949 569 3032 leguntur,
599 2949 704 3032 itaque
727 2971 834 3012 omnes
856 2949 939 3032 ipsos
962 2948 1110 3012 Ouidium
1132 2949 1245 3012 adiisse
1267 2970 1337 3012 con-

78 3054 218 3118 cluseris.
263 3057 326 3118 Nec
348 3076 420 3118 uero
443 3075 549 3139 omues
572 3054 628 3118 hoc
651 3055 760 3118 fecisse
777 3048 864 3118 'mihi
887 3054 1059 3117 uerisimile
1079 3054 1204 3124 uidetur
1224 3054 1278 3117 sed
1298 3074 1337 3115 ne

77 3182 178 3240 unum
201 3161 326 3245 quidem
347 3161 403 3224 hoc
419 3161 527 3224 fecisse
544 3160 624 3223 mihi
639 3161 770 3224 arridet:
794 3161 890 3224 immo
906 3161 1001 3224 etiam
1018 3169 1094 3238 tum,
1115 3160 1169 3243 qui
1186 3160 1338 3223 Ouidiana

75 3266 221 3350 praebet,
255 3287 292 3329 ex
314 3267 495 3350 compendio
518 3267 702 3350 sumpsisse,
733 3275 849 3330 ceteros
870 3274 976 3330 autem
999 3267 1048 3330 uel
1071 3266 1266 3348 neglegentia
1289 3265 1336 3328 uel

74 3371 217 3435 consulto
238 3371 388 3434 omisisse.

158 3477 263 3560 Atque
286 3469 423 3560 primum
445 3498 534 3558 agam
555 3477 592 3540 de
612 3476 656 3540 eis
679 3476 814 3554 scholiis
836 3498 998 3559 quaecum
1013 3477 1123 3542 Ouidio
1139 3475 1337 3540 consentiunt

72 3582 130 3658 ita,
153 3588 188 3642 ut
211 3588 275 3646 tota
295 3604 335 3645 ex
357 3605 391 3646 eo
413 3593 538 3666 sumpta
560 3582 625 3646 esse
648 3583 774 3667 possint.

159 3689 232 3751 Met.
253 3689 329 3751 VIII
346 3687 488 3753 738-77
492 3691 510 3752 9
526 3688 733 3771 Erysichthon
756 3688 890 3752 traditur
911 3690 950 3752 ab
963 3689 1074 3754 Ouidio
1095 3691 1236 3752 arborem
1259 3687 1336 3750 ceci·
1446 3779 1449 3782 Ι

69 3793 175 3870 disse,
208 3814 268 3876 quo
296 3797 376 3858 t'aoto
406 3795 544 3879 primum
574 3795 700 3877 sanguis
729 3795 867 3878 erupisse
895 3803 963 3858 tum
990 3816 1082 3858 sonus
1113 3795 1238 3857 auditus
1262 3813 1335 3856 esse.

68 3900 140 3961 Hoc
164 3906 293 3962 narrant
315 3900 363 3962 SB
385 3901 473 3966 Χ,62
497 3909 527 3963 et
549 3901 578 3964 A
605 3901 712 3978 III,34
733 3909 764 3964 et
787 3902 838 3964 BB
861 3902 947 3979 Χ,62
970 3922 1077 3964 omnes
1100 3900 1211 3964 Ouidio
1232 3900 1335 3978 allato,

66 4025 145 4067 cum
177 4004 343 4084 disserunt,
374 4026 452 4089 quae
485 4006 549 4069 sint
577 4006 818 4089 hamadryades,
853 4007 886 4070 id
918 4008 999 4089 quod
1027 4007 1051 4069 P
1081 4005 1181 4069 solum
1211 4007 1337 4089 praebet

64 4110 190 4172 omissa
203 4109 356 4175 Ouidiana
371 4111 540 4175 historiola.
579 4113 657 4174 Oum
672 4119 779 4192 autem
797 4112 888 4196 plane
905 4112 1034 4175 eandem
1050 4133 1116 4174 rem
1128 4111 1337 4175 Callimachus

62 4215 192 4297 hymno
216 4217 260 4279 VI
283 4222 425 4301 exponat,
451 4218 504 4279 sed
529 4217 566 4279 de
597 4217 748 4298 sanguine
778 4225 969 4302 erumpente,
1000 4219 1089 4280 euius
1113 4217 1226 4280 diserte
1251 4209 1336 4280 rnen·

60 4320 194 4382 tionem
216 4322 334 4385 faciunt
356 4321 538 4386 scholiastae
561 4320 581 4383 l.
605 4321 635 4398 l.‚
658 4327 766 4400 taceat,
789 4325 887 4386 lacere
910 4345 971 4386 non
992 4342 1133 4406 possum,
1157 4321 1234 4403 quin
1257 4323 1336 4386 hano
