3218 5172
682 333 720 394 51

20 479 22 504 Ι
65 541 101 548 -
123 505 303 570 verisimile
325 513 431 571 autem
454 515 500 571 est
522 505 596 571 haec
618 506 652 570 in
678 509 829 585 Τρωικοῖς
851 505 1061 572 exstitisse-
1078 507 1158 574 hanc
1179 508 1263 574 idem
1286 508 1335 574 vir

20 573 22 704 Ι
68 612 176 675 doctus
202 621 304 676 censet
326 612 431 696 ipsum
454 613 466 676 Ι
490 611 648 678 addidisse
671 634 771 697 neque
794 621 900 678 autem
923 621 970 678 est
1000 635 1054 677 cur
1077 636 1139 679 non
1168 637 1206 680 ex
1227 616 1334 682 eodem

20 773 21 812 y
69 720 150 780 l'onte
175 719 355 803 sumpserit.

20 825 21 892 l
148 825 307 907 Phyllidis
329 825 538 889 narrationem
560 847 597 888 ex
614 825 726 890 Ovidio
748 835 905 911 sumptam
922 848 988 890 esse
1011 827 1140 910 nequire
1162 827 1226 891 iam
1242 849 1335 912 supra

20 921 22 1062 y
69 952 94 1013 p.
109 931 150 994 23
168 932 260 996 evici.
295 933 402 997 h'ihilo
417 933 523 1009 setius,
540 954 618 1016 quae
634 933 681 996 Sll
694 935 729 1012 V,
743 936 780 998 10
796 942 826 996 et
843 935 868 998 B
885 935 1034 1017 praebent
1049 932 1247 997 consentiunt
1263 955 1334 998 eum

20 1109 21 1124 ,
70 1037 172 1101 l'ahula
189 1038 350 1102 Ovidiana.
386 1039 563 1102 Knaaokius
577 1039 670 1102 Anal.
694 1040 929 1104 Alex-Roman.
953 1062 982 1125 p.
992 1039 1032 1103 39
1041 1061 1106 1123 sqq.
1124 1039 1334 1103 narrationem

20 1171 21 1224 f
70 1143 234 1224 Phyllidis
253 1166 331 1228 qnae
347 1145 430 1228 apud
451 1145 599 1210 Ovidium
616 1146 649 1209 in
661 1145 819 1210 ltemediis
830 1146 957 1210 Amoris
972 1154 1003 1208 et
1025 1146 1212 1211 Heroidibus
1235 1153 1333 1208 exstat

20 1227 22 1292 l
70 1249 104 1310 ad
123 1249 352 1315 Callimachum
376 1255 478 1314 rel'ert.
522 1251 704 1335 Explicatur
726 1273 893 1315 consensus
915 1273 950 1316 ea
972 1273 1013 1330 re,
1037 1251 1127 1334 quod,
1151 1271 1229 1334 quae
1250 1250 1333 1314 inter

20 1295 22 1424 Ι
72 1363 237 1438 utrumque
257 1366 287 1420 et
310 1357 458 1421 Ovidium
482 1367 512 1421 et
528 1358 725 1422 scholiastam
743 1366 816 1422 sunt
832 1359 1019 1436 communia,
1042 1358 1139 1422 etiam
1161 1357 1195 1421 in
1217 1361 1334 1422 fontem

70 1462 250 1527 scholiastae
260 1465 280 1527 i.
290 1486 315 1527 e.
326 1464 359 1527 in
368 1465 585 1548 compendium
597 1486 634 1528 ex
644 1465 834 1529 Callimacho
844 1466 1010 1528 lluxerunt.
1026 1464 1137 1528 Finem
1147 1463 1334 1528 narrationis

20 1565 21 1646 l
73 1568 250 1634 scholiastae
270 1561 447 1634 Knaackius
462 1593 480 1634 a
495 1571 686 1635 Callimacho
701 1572 865 1635 abhorrere
882 1570 1050 1648 contendit,
1067 1570 1130 1649 sed,
1153 1592 1224 1633 curn
1247 1569 1333 1634 nullo

20 1659 21 1684 ¹
72 1675 129 1738 alio
152 1676 217 1739 loco
239 1677 421 1740 inveniatur
439 1677 558 1740 reditus
578 1677 803 1762 Demophontis
832 1686 863 1740 et
885 1676 1007 1760 Phyllis
1029 1675 1229 1754 revirescens,
1252 1676 1333 1740 unde

20 1753 22 1828 l
74 1790 195 1866 sumpta
215 1783 295 1861 sint,
319 1783 352 1846 in
375 1783 478 1846 medio
500 1783 730 1866 relinquamus,
755 1782 964 1866 veriloquium
987 1776 1119 1862 φύλλων
1146 1803 1165 1845 a
1188 1780 1333 1863 Phyllide

74 1888 296 1967 derivatorum,
328 1890 409 1972 quod
438 1889 512 1952 Set
533 1891 611 1972 Hyg.
642 1889 703 1952 lab.
726 1891 766 1954 59
789 1888 954 1968 exhibent,
984 1887 1142 1953 communi
1171 1886 1249 1950 fonti
1271 1908 1333 1950 non

20 1951 22 2080 Ι
75 2002 177 2075 poetae
200 1996 253 2058 sed
275 1995 472 2078 grammatici
494 1996 653 2060 Knaackio
674 1996 826 2060 assentior
847 1995 1092 2059 attribuendum.
1146 1995 1184 2057 In
1206 1992 1332 2056 scholiis

20 2099 22 2118 '
73 2099 95 2161 ΙΙ
117 2109 147 2162 et
170 2103 252 2185 apud
274 2101 550 2184 lunilium-quo
573 2102 638 2165 loco
662 2123 715 2184 per
735 2101 945 2164 coniecturam
964 2101 996 2162 in
1014 2100 1157 2164 lacunam
1180 2099 1330 2162 insertum

76 2215 118 2268 est
139 2244 180 2250 —
201 2216 231 2271 et
253 2209 336 2293 apud
365 2229 556 2292 anonymum
578 2208 700 2291 Phyllis
722 2208 857 2291 Lycurgi
886 2207 952 2271 sive
975 2205 1114 2270 Sithonis
1136 2205 1201 2268 lilia
1222 2208 1331 2283 exstat,

76 2313 238 2396 eodemque
266 2314 357 2378 modo
386 2315 468 2398 apud
498 2321 665 2397 utrumque
687 2314 869 2398 Demophon
891 2312 1019 2377 Adrasti
1051 2311 1135 2374 lilius
1156 2311 1332 2395 appellatur

75 2421 149 2501 apud
174 2442 363 2503 anonymum
388 2421 490 2485 verbis
510 2421 579 2500 ,vel
602 2418 733 2484 Thesei“
756 2419 880 2498 additia,
901 2441 973 2483 cum
995 2418 1016 2482 S
1034 2417 1189 2481 Theseum
1211 2426 1332 2500 patrem

76 2525 303 2611 Demophontis,
327 2529 340 2590 Ι
364 2527 503 2590 Sithonis
525 2525 624 2589 filiam
646 2525 824 2608 Phyllidem
848 2525 997 2590 nominet.
1032 2523 1188 2586 Theseum
1211 2531 1330 2606 patrem

75 2631 174 2695 ubivis
192 2633 294 2716 legere
314 2641 407 2716 potes,
425 2632 659 2698 sedhdrastum
683 2652 837 2714 nusquam
852 2630 930 2694 alibi
945 2629 1007 2693 nisi
1022 2630 1105 2714 apud
1121 2628 1329 2693 scholiastam.

76 2737 206 2803 Sithonis
236 2740 318 2818 lilia,
349 2761 418 2802 curn
440 2761 530 2802 nemo
552 2738 633 2801 alius
663 2760 757 2821 quam
780 2737 911 2802 Ovidius
934 2737 1094 2815 exhibeat,
1125 2735 1216 2799 facile
1244 2735 1283 2799 ab
1315 2736 1330 2798 1

75 2843 178 2910 (lvidie
201 2848 340 2930 inspecto
362 2846 483 2910 l'ahulae
506 2846 526 2909 S
549 2846 666 2908 inserta
688 2865 753 2908 esse
776 2851 885 2929 potest.
940 2842 1055 2907 Eodem
1077 2841 1168 2905 modo
1191 2849 1222 2906 et
1243 2842 1269 2905 B
1293 2863 1331 2905 ex

75 2949 134 3034 ipso
155 2951 267 3016 Ovidis
291 2952 453 3015 Sithonem
477 2971 598 3014 sumere
618 2950 720 3034 potuit
742 2957 773 3012 et
787 2951 965 3033 Lycurgum
986 2955 1121 3031 patrem:
1145 2969 1218 3012 nam
1241 2947 1330 3011 lacile

74 3076 106 3120 ex
127 3057 232 3121 Ovidii
262 3058 334 3120 ller.
361 3058 467 3135 ΙΙ,111
491 3057 595 3120 verbis
626 3076 707 3136 quoe
736 3056 794 3118 tibi
822 3055 938 3119 subieci
966 3055 1125 3118 latissimo
1146 3073 1244 3136 regno
1265 3052 1330 3134 Ly-

77 3165 159 3246 caryi
190 3164 264 3228 elici
294 3164 404 3247 potuit.
460 3165 566 3247 Neque
594 3171 700 3227 tamen
730 3162 901 3226 verisimile
930 3167 977 3224 est
1006 3168 1037 3223 et
1065 3160 1081 3223 Ι
1112 3167 1143 3224 et
1170 3160 1196 3223 B
1227 3158 1331 3243 ipsum

75 3269 218 3334 Ovidium
248 3269 440 3353 inspexisse,
471 3271 524 3333 sed
552 3269 759 3334 verisimilius
788 3277 818 3332 et
840 3267 1016 3352 Lycurgum
1046 3275 1077 3329 et
1106 3265 1269 3330 Sithonem
1298 3265 1331 3328 in

75 3377 225 3441 communi
247 3379 331 3440 lente
355 3383 385 3440 et
407 3376 513 3440 Ovidii
536 3383 567 3439 et
587 3377 824 3441 scholiastarum
846 3374 1011 3438 exstitisse.

148 3483 273 3568 Apella,
305 3505 416 3546 cuma
439 3505 529 3548 corvo
551 3483 663 3547 certior
684 3485 784 3546 factus
808 3489 888 3545 esset
910 3503 928 3545 a
950 3480 1108 3558 Coronide,
1133 3500 1224 3563 quem
1247 3501 1331 3543 ama-

76 3599 162 3669 verat,
184 3611 217 3654 se
236 3589 348 3674 decipi,
371 3589 471 3674 ipsam
495 3590 608 3674 sagitta
629 3590 791 3675 percussit.
842 3587 901 3652 Sed
932 3607 1003 3650 cum
1026 3586 1186 3668 gravidam
1209 3606 1331 3648 servare

20 3719 22 3770 y
75 3715 128 3758 non
148 3702 261 3779 posset,
285 3695 385 3758 lilium
401 3697 496 3759 morti
519 3695 644 3779 eripuit,
665 3716 793 3759 corvum
805 3694 911 3765 iratus,
935 3691 990 3775 qui
1013 3691 1089 3754 olim
1109 3690 1199 3754 albus
1222 3692 1330 3769 luerat,

20 3787 22 3854 l
75 3802 192 3884 nigrum
224 3801 307 3865 fecit.
360 3803 442 3866 Huic
470 3802 642 3866 narrationi
665 3801 771 3867 Ovidii
793 3808 866 3866 met.
890 3797 1104 3878 naal-632
1134 3796 1330 3881 respondent,

20 3901 22 3978 l
76 3927 144 3989 quae
167 3907 205 3970 dc
228 3907 379 3972 Coronide
393 3909 475 3993 apud
496 3908 547 3972 SA
560 3910 630 3988 VII,
640 3910 699 3972 761
724 3907 810 3990 legis,
833 3906 887 3970 sed
905 3905 1030 3968 additus
1053 3911 1099 3966 est
1115 3923 1224 3966 corvus
1241 3903 1331 3967 Coro-

75 4015 149 4078 nidis
172 4021 275 4078 custos
297 4021 328 4076 et
356 4015 440 4077 filius
463 4021 585 4078 exsecto
607 4013 716 4078 matris
737 4019 846 4076 ventre
869 4018 969 4074 natus
1023 4007 1167 4085 Quaestio
1189 4008 1329 4084 solvitur,

20 4105 21 4140 ³
76 4119 98 4180 si
123 4119 299 4183 accedimus
329 4119 502 4183 sententiae
523 4117 760 4184 Wilamowitzii
783 4115 893 4199 lsyllos
915 4115 1023 4194 82,55,
1054 4114 1242 4197 hypothesin
1270 4115 1330 4177 He·

20 4311 21 4314 Ἴ
77 4225 189 4290 siodeae
211 4225 291 4288 ane
321 4232 501 4309 usurpatam
530 4225 569 4288 ah
597 4223 708 4288 Ouidio
731 4223 764 4286 in
787 4223 923 4286 carmine
946 4241 1000 4284 suo
1023 4219 1163 4282 faciendo
1186 4215 1332 4283 Servium

78 4335 211 4398 retulisse
233 4331 266 4394 in
290 4333 471 4398 universum
494 4341 644 4394 accurate.

1183 4429 1215 4481 41·
