3218 5172
853 299 934 385 '40

275 493 310 557 in
345 495 434 560 deam
470 496 625 562 marinam
661 507 812 563 mutatam
851 519 926 564 esse.
987 497 1037 561 SA
1072 497 1199 573 111‚420
1230 503 1260 558 ct
1295 495 1322 558 Β
1360 495 1460 574 V1,74
1493 495 1518 557 in

276 600 458 666 universnm
489 612 690 686 congruentes
720 627 791 670 cum
821 605 932 670 Ouidio
961 603 1111 669 omittunt
1140 602 1305 666 secundam
1331 601 1520 664 mutationem
1565 656 1566 661 ,

278 714 308 770 11
341 707 490 772 Glaucum
525 709 629 794 ipsum
660 711 833 775 remedium
864 732 882 774 a
911 710 997 774 Circe
1030 716 1204 793 petentem3
1240 708 1297 770 hoc
1335 708 1379 771 lA
1409 707 1521 784 111410

279 812 368 895 quasi
389 835 501 878 novam
523 814 661 880 fabulam
685 815 779 880 addit.
834 816 1007 894 Quaeritur,
1030 823 1145 892 utrum,
1168 835 1246 896 quae
1268 814 1449 878 scholiastae
1470 815 1521 876 dis·

276 925 359 981 creta
389 918 552 999 exhibent,
583 922 736 1006 principio
765 922 897 986 discreta
920 922 1036 986 fuerint
1058 929 1088 984 et
1111 919 1242 984 Ovidius
1264 928 1430 1004 utrumque
1452 943 1522 984 com·

277 1022 447 1102 miscuerit,
470 1033 687 1110 anutrumque
702 1027 772 1106 tale,
796 1027 886 1109 quale
902 1026 1032 1090 Ovidius
1053 1025 1188 1110 praebet,
1206 1027 1294 1108 quasi
1313 1047 1409 1092 unum
1426 1048 1523 1110 corpus

276 1128 318 1194 sit
340 1136 370 1192 et
400 1130 582 1198 scholiastae
604 1132 729 1196 demum
753 1153 790 1196 ex
813 1154 875 1200 una
898 1132 1072 1198 narratione
1095 1132 1171 1196 duas
1203 1131 1341 1198 iecerint.
1392 1133 1523 1209 Quaestio

278 1235 411 1298 solvitur
433 1236 549 1302 scholio
571 1238 623 1301 ΒΒ
642 1239 694 1316 Vl,
705 1241 753 1317 74,
776 1261 849 1304 nem
878 1239 922 1303 ibi
945 1239 1068 1303 invenis
1090 1239 1145 1302 has
1167 1239 1243 1302 duas
1273 1260 1321 1302 111
1343 1239 1524 1303 commixtas.

280 1341 367 1415 Quod
389 1341 543 1421 scholion,
574 1365 759 1427 quamquam
784 1345 900 1430 optime
923 1344 1064 1427 congruit
1086 1365 1157 1407 cum
1180 1344 1307 1422 Ouidio,
1338 1352 1441 1408 tamen
1469 1353 1526 1408 tam

281 1447 391 1511 multis
413 1449 504 1512 rebus
526 1450 670 1516 dissentit
692 1449 822 1532 (Phorco
844 1460 947 1536 patre,
971 1455 1069 1530 toute,
1093 1452 1236 1535 Neptuno
1258 1450 1397 1534 Scyllam
1418 1451 1450 1514 in
1471 1472 1527 1514 sco-

278 1554 389 1638 pulum
404 1563 553 1634 mutante,
569 1556 674 1639 Scylla
689 1557 802 1622 comite
819 1556 960 1637 Dianae),
980 1566 1014 1620 ut
1029 1556 1232 1621 verisimilius
1250 1556 1292 1622 sit
1306 1557 1385 1620 hanc
1400 1557 1527 1620 labulam
1578 1507 1580 1582 l

277 1682 338 1724 non
366 1661 404 1724 ad
435 1661 582 1726 Ovidium
611 1663 727 1740 redire,
758 1663 811 1726 sed
834 1662 1031 1726 scholiastam
1054 1672 1084 1726 11
1106 1662 1254 1726 Ovidium
1279 1663 1316 1726 ad
1340 1685 1526 1728 communem
1581 1684 1582 1740 1

277 1769 393 1832 fontem
416 1769 590 1833 referendos
612 1791 687 1833 esse.

318 1873 369 1936 PB
394 1875 511 1952 vl‚74:
534 1876 645 1939 Phorci
668 1883 698 1939 11
716 1876 887 1939 Crataeidis
909 1875 975 1938 filia
996 1875 1101 1959 Scylla
1123 1875 1284 1938 Tritonem
1306 1875 1438 1940 habebat
1453 1899 1529 1940 ama·

399 1988 514 2058 torem,
545 1988 649 2064 postea
672 1982 852 2066 Neptunum
875 1981 1004 2064 paravit.
1056 1981 1099 2044 Ea
1129 1980 1317 2045 contumelia
1346 1982 1454 2046 Triton
1484 2004 1529 2044 11-
1585 2034 1586 2042 ,

400 2087 561 2150 1111111111
582 2109 600 2150 1
621 2087 708 2151 Circe
729 2109 848 2151 venena
869 2087 997 2171 accepit,
1021 2087 1133 2172 quihus
1156 2087 1212 2150 illa
1234 2087 1375 2167 callebat,
1400 2096 1430 2150 et
1453 2108 1530 2150 mare

404 2193 521 2270 intecit,
533 2214 587 2276 per
603 2192 684 2276 quod
698 2193 803 2277 Scylla
818 2195 857 2257 ad
874 2193 1054 2278 Neptunum
1070 2195 1293 2277 trequentabat.
1328 2195 1406 2277 Ergo
1422 2184 1531 2258 lrandis

403 2299 518 2380 ignara,
542 2299 691 2362 uhimare
711 2300 849 2381 ingressa
864 2306 911 2364 111
926 2299 1039 2382 Scylla,
1062 2300 1221 2364 demutata
1231 2307 1278 2363 est
1293 2307 1383 2364 tenus
1399 2301 1529 2383 inguina,

404 2411 440 2468 nt
461 2405 589 2469 canibus
618 2426 672 2470 sex
702 2406 874 2484 succincta,
905 2406 1025 2490 reliqua
1056 2406 1223 2491 delphinus
1251 2415 1348 2486 esset3
1378 2428 1447 2491 pars
1476 2407 1534 2470 sola
1590 2470 1591 2486 ,

401 2511 560 2576 hominem
583 2513 722 2590 retinuit,
746 2534 824 2596 quae
846 2534 939 2597 super
961 2534 1075 2597 aquam
1098 2513 1166 2576 fuit.

362 2617 460 2683 Valde
483 2621 699 2702 perturbatum
725 2620 781 2684 hoc
802 2620 941 2684 scholion
970 2620 1051 2683 mihi
1073 2620 1205 2684 videtur.
1260 2620 1367 2702 Neque
1396 2619 1480 2682 enim
1500 2618 1535 2679 de

278 2734 415 2790 amatore
437 2729 564 2794 Tritone
593 2728 654 2792 alio
687 2728 752 2791 loco
781 2727 870 2792 andis
900 2728 953 2790 sed
983 2727 1171 2809 ubicumque
1196 2725 1374 2790 nominatur
1398 2726 1535 2801 Glaucus,

279 2854 379 2916 neque
409 2834 486 2898 alibi
508 2835 642 2898 Glaucus
665 2834 803 2918 Neptuni
832 2834 930 2899 amori
957 2834 1080 2898 invidet
1101 2834 1154 2897 sed
1176 2832 1380 2917 Amphitrite.
1432 2833 1536 2914 ltaque

279 2959 387 3003 censeo
409 2940 466 3004 hoc
489 2940 553 3005 loco
570 2941 646 3004 duas
660 2940 779 3017 fabulas
802 2940 935 3018 misceri,
959 2961 1037 3024 quae
1059 2948 1132 3003 sunt
1154 2940 1192 3004 de
1213 2959 1316 3002 amore
1333 2937 1454 3021 Scyllae
1470 2959 1537 3018 erga

280 3046 374 3110 deum
396 3047 552 3110 marinum
576 3048 731 3130 quendam
742 3046 767 3128 1>
797 3056 827 3110 et
856 3049 893 3112 de
916 3048 1037 3131 Scyllae
1067 3055 1097 3110 11
1120 3046 1258 3130 Neptuni
1287 3067 1390 3110 amore
1413 3045 1538 3127 odioqno

281 3152 500 3237 Amphitrites
552 3155 598 3218 lle
628 3155 728 3240 priore
752 3155 856 3218 l'abula
885 3160 989 3219 confer
1018 3175 1096 3237 quae
1125 3175 1218 3238 supra
1243 3153 1319 3216 dixi.
1370 3152 1538 3216 Secundam

281 3260 428 3337 eandem,
450 3281 545 3344 qnam
566 3260 643 3341 legis
662 3261 745 3346 apud
767 3261 808 3324 [Β
832 3262 951 3339 11114,
975 3282 1037 3324 111
1065 3261 1167 3323 fictam
1198 3279 1263 3322 esse
1293 3279 1331 3322 11
1359 3258 1489 3322 Τ111111
1509 3257 1540 3318 11

281 3365 430 3449 Lycophr.
454 3368 494 3430 45
518 3366 685 3450 intellegis
709 3367 763 3429 uhi
786 3367 867 3430 idem
891 3367 1040 3430 traditur:
1070 3354 1111 3451 ἦν
1139 3365 1176 3426 δὲ
1202 3363 1222 3448 ἡ
1244 3360 1376 3428 Σκύλλα
1394 3360 1436 3436 ὥς
1459 3383 1541 3445 φασι

281 3475 411 3552 πρῶτον
437 3473 514 3558 γυνή
535 3472 717 3560 εὐπρεπής,
741 3472 922 3537 Ποσειδῶνι
949 3473 986 3536 δὲ·
1008 3476 1166 3550 cvr-occa,
1193 3472 1394 3553 Ἀμφιτρίτης
1419 3469 1542 3552 ζηλωτ-

281 3576 436 3662 πησύσης
456 3581 512 3642 καὶ
533 3579 695 3663 φάρμακα
716 3578 922 3661 ἐμβαλούσης
947 3582 986 3662 τῇ
1006 3582 1100 3660 πηγῇ,
1124 3577 1176 3660 ἐφ’
1196 3567 1217 3659 ᾗ
1237 3575 1349 3640 alueo
1369 3573 1545 3652 λούεσθαι,

283 3685 516 3768 α’πεθηριώθη.
547 3689 723 3764 ,Quartam
761 3686 985 3764 narrationem,
1025 3685 1180 3768 Scyllam,
1215 3684 1363 3768 quoniam
1393 3684 1544 3748 Glaucum

282 3803 415 3857 amasset
448 3801 589 3877 essetque
619 3802 723 3858 amata
752 3816 770 3858 1
799 3796 959 3878 Neptuno,
997 3814 1194 3871 conversam,
1231 3791 1315 3855 solus
1345 3790 1473 3854 exhibet
1502 3791 1544 3852 lA

282 3902 418 3979 111,420.
457 3902 563 3984 Neque
578 3910 683 3965 tamen
700 3901 834 3965 discerni
852 3910 960 3986 potest,
984 3909 1099 3979 utrum,
1122 3920 1200 3983 quae
1223 3899 1260 3962 de
1282 3897 1411 3979 coniuge
1434 3895 1544 3960 Glauci

284 4007 371 4072 Girce
393 4009 445 4072 ΒΒ
467 4009 571 4085 V1,77
594 4008 706 4086 tradit,
729 4007 771 4070 sit
793 4008 903 4092 quinta
925 4008 1032 4092 aliqua
1053 4006 1204 4084 narratio,
1227 4027 1268 4070 an
1288 4025 1389 4068 errore
1411 4004 1545 4068 alicuius

284 4115 471 4200 excerptoris
501 4122 567 4180 orta
596 4137 633 4178 ex
656 4115 808 4179 Ouidiano
831 4115 886 4180 illo
909 4115 1018 4179 Circen
1042 4115 1076 4177 in
1097 4135 1234 4178 amorem
1257 4111 1368 4174 Glauci·
1386 4111 1545 4174 incidisse.

283 4251 477 4261 -—-—-

354 4329 379 4400 1)
398 4331 673 4400 Preller-RohertGr.
691 4332 800 4399 Mythol.
820 4331 829 4382 l
849 4349 875 4400 p.
895 4331 945 4383 619
964 4331 1098 4382 Tritonem
1117 4327 1262 4395 genuinum
1282 4324 1455 4377 arbitrantur.
