3218 5172
866 309 907 372 34

257 485 453 550 scholiastam
477 486 582 572 ipsum
604 509 642 551 ex
664 487 775 552 Ovidio
797 487 968 572 sumpsisse
983 523 1023 531 —
1038 509 1073 552 ac
1093 487 1190 552 velim
1213 489 1353 552 attendas
1375 489 1434 552 hoc
1456 489 1522 552 loco
1589 508 1595 539 ι’

256 593 271 655 Ι
293 615 363 656 cum
381 592 492 658 Ovidio
507 594 681 657 consentire
696 594 801 658 —vel
825 594 879 678 qui
895 594 1114 678 compendium
1138 595 1310 678 composuit
1332 594 1389 658 hoc
1412 594 1522 657 fecisse

257 705 312 763 aut
333 699 416 762 hunc
438 706 469 762 et
490 700 651 784 Hyginum
674 708 704 763 et
727 699 876 764 Ovidium
897 700 1004 764 eodem
1028 702 1111 763 fonte
1133 721 1203 763 usos
1225 720 1300 763 esse.

340 804 444 888 Atque
467 812 502 868 ut
524 826 561 867 ex
576 804 726 888 example,
750 805 901 888 quomodo
924 813 1134 888 comparatum
1158 805 1375 888 compendium
1400 805 1523 889 mytho-

258 909 392 992 logicom
412 911 507 974 luisse
523 932 674 990 censeam,
698 911 870 996 intellegas
887 932 1006 996 appono
1022 912 1101 974 hanc
1118 912 1287 994 Hyacinthi
1303 913 1523 988 narrationem,

258 1016 384 1098 qualem
406 1016 487 1080 mihi
509 1017 649 1101 persuasi
671 1018 703 1080 in
727 1021 811 1082 lente
833 1018 1070 1082 scholiastarum
1094 1018 1267 1080 exstitisse:

343 1123 559 1206 „Hyacinthus
587 1145 664 1208 puer
691 1125 920 1209 pulcherrimus
953 1124 1022 1197 luit,
1066 1125 1196 1188 Eurotae
1229 1124 1295 1203 vel,
1330 1132 1364 1187 ut
1397 1123 1524 1206 quidam

260 1228 391 1307 volunt,
405 1229 513 1293 Oebali
534 1231 627 1309 filius,
651 1231 690 1294 ah
705 1231 853 1314 Apolline
875 1237 1006 1294 amatus
1041 1230 1109 1309 Qui,
1132 1252 1203 1294 cum
1226 1251 1319 1314 prope
1341 1230 1380 1292 ad
1401 1250 1524 1292 amnem

261 1336 409 1398 Eurotam
425 1357 496 1399 cum
513 1336 660 1421 Apolline
683 1337 803 1401 discum
821 1337 962 1400 iaciendo
979 1336 1108 1413 luderet,
1132 1357 1187 1420 per
1209 1335 1452 1420 imprudentiam
1476 1335 1525 1396 vel

261 1441 362 1526 ipsius
384 1442 434 1506 vel
456 1442 614 1526 Apollinis
639 1443 775 1523 interiit3
798 1443 854 1507 alii
876 1443 985 1507 dicunt
1007 1444 1045 1508 ab
1067 1441 1146 1506 irato
1161 1445 1258 1507 Borea
1280 1440 1345 1521 (vel
1360 1439 1525 1526 Zephyro),

263 1569 332 1611 cum
356 1555 420 1612 tam
442 1549 481 1612 ab
496 1550 643 1634 Apolline
666 1571 758 1633 quam
780 1551 910 1614 aBorea
932 1558 1053 1613 amatus
1069 1549 1227 1633 Apollinis
1242 1569 1345 1612 amore
1362 1549 1527 1611 laetaretur

264 1654 378 1736 magis,
410 1655 493 1719 disco
516 1677 582 1719 csse
604 1656 838 1741 interemptum.
889 1657 936 1719 Ex
958 1657 1025 1721 eius
1048 1677 1155 1720 cruore
1178 1661 1262 1720 ortus
1285 1662 1332 1718 est
1360 1655 1414 1717 llos
1437 1654 1527 1716 ruber

264 1761 352 1842 quasi
375 1761 481 1825 lilium
503 1761 562 1840 vel,
590 1770 625 1825 ut
651 1763 708 1826 alii
737 1763 854 1838 dicunt,
887 1763 969 1827 viola
998 1763 1164 1845 designans
1194 1762 1328 1846 primam
1357 1760 1528 1844 Hyacinthi

266 1864 405 1929 litteram
427 1867 487 1943 vel,
510 1876 545 1930 ut
566 1867 622 1930 alii
644 1867 761 1946 dicunt,
785 1868 901 1931 hahens
923 1868 956 1931 in
978 1889 1010 1930 se
1033 1867 1155 1934 litteras
1170 1867 1240 1946 aiai,
1264 1873 1299 1930 ut
1320 1867 1362 1930 sit
1383 1889 1443 1930 vox
1465 1866 1529 1950 plc-

270 1973 377 2035 rantis.
423 1973 555 2049 Quidam
577 1974 780 2056 hyacinthum
805 1996 842 2037 ex
864 1975 970 2038 Aiacis
992 1974 1152 2056 sanguine,
1176 1996 1247 2037 cum
1270 1995 1302 2037 se
1325 1973 1532 2036 interfecisset

268 2078 370 2159 gladio
390 2079 548 2158 HectoriS,
579 2087 720 2144 exortum
743 2081 887 2144 habuisse
910 2081 1030 2143 litteras
1060 2102 1173 2144 nomen
1193 2079 1300 2143 Aiacis
1322 2079 1533 2162 exprimentes

268 2205 303 2248 ae
325 2206 370 2248 ae.
414 2185 503 2264 Sunt,
527 2186 581 2269 qui
603 2187 708 2250 dicant
730 2187 935 2269 hyacinthum
958 2187 1096 2270 primum
1118 2187 1156 2250 de
1178 2185 1349 2270 Hyacinthi
1383 2184 1533 2266 sanguine

268 2299 373 2374 postea
394 2292 431 2354 de
453 2292 560 2356 Aiacis
582 2303 700 2372 natum,
724 2293 805 2356 sicut
827 2293 923 2356 etiam
946 2291 1106 2356 Ovidius“
1130 2327 1171 2336 —

351 2398 396 2460 De
427 2398 543 2463 Latona
572 2400 738 2484 Lyciisque
769 2400 912 2483 agricolis
943 2401 1016 2463 haec
1045 2399 1250 2464 inveniuntur
1278 2397 1361 2482 apud
1385 2396 1534 2460 Ovidium

270 2510 342 2566 met.
366 2504 608 2582 vicu-381:
631 2507 756 2584 Latona,
780 2528 851 2570 cum
864 2506 910 2569 ira
925 2507 1054 2570 lunonis
1076 2528 1130 2590 per
1145 2513 1245 2570 totum
1260 2505 1366 2568 orbem
1381 2511 1533 2566 terrarum

269 2616 337 2672 acta
359 2613 499 2694 fessaque
521 2613 595 2676 solis
617 2620 704 2676 aestu
725 2613 832 2676 vacuis
854 2613 1011 2691 uberibus
1035 2619 1070 2675 ut
1093 2612 1220 2690 biberet,
1239 2615 1355 2673 l'ontem
1379 2609 1536 2692 quendam

269 2716 401 2799 Lycium
422 2718 590 2796 accederet,
613 2741 631 2782 a
653 2719 778 2782 rusticis
807 2719 998 2803 prohibetur.
1050 2719 1199 2795 Quamvis
1229 2717 1358 2780 instaret
1382 2715 1535 2799 precibus,

270 2823 320 2885 illi
352 2825 566 2888 conviciantur
602 2832 633 2887 et
661 2825 806 2888 manibus
835 2847 870 2888 ac
902 2825 1032 2909 pedibus
1061 2847 1174 2909 aquam
1204 2824 1361 2907 impuram
1392 2821 1536 2884 reddunt.

272 2931 352 2992 Tum
375 2930 454 2994 irata
476 2932 533 2995 dea
554 2939 655 2996 mutat
676 2932 817 2996 homines
840 2932 996 3016 improbos
1017 2932 1051 2994 in
1073 2952 1171 2994 ranas.
1209 2930 1324 2992 Eadem
1342 2924 1538 3011 exponuntS

273 3042 304 3097 et
320 3036 372 3099 BG
391 3037 485 3114 l,378
507 3046 634 3122 excepta
651 3059 685 3102 ea
701 3060 742 3117 re,
766 3039 803 3101 de
820 3060 880 3122 qua
897 3059 990 3122 supra
1006 3060 1034 3122 p.
1051 3040 1092 3101 24
1107 3037 1225 3100 dictum
1243 3043 1297 3098 est.
1331 3033 1435 3096 Etiam
1456 3031 1540 3115 apud

273 3143 297 3205 P
323 3143 439 3225 legitur
469 3145 543 3208 haec
566 3146 679 3222 fabula,
711 3146 763 3209 sed
787 3146 868 3209 Mela
898 3149 965 3209 lons
995 3153 1184 3208 memoratur
1207 3152 1236 3205 et
1267 3127 1395 3204 Neocles
1424 3146 1537 3222 past-or,

272 3271 404 3332 quorum
426 3250 477 3315 hic
506 3273 660 3336 nusquam
692 3252 769 3315 alibi
792 3252 961 3337 reperitur,
992 3252 1047 3315 ille
1071 3251 1153 3314 idem
1176 3271 1242 3312 esse
1265 3249 1389 3312 videtur
1411 3267 1444 3308 ac
1469 3248 1540 3305 Με-

178 3349 181 3358 *
272 3356 343 3438 λίτη
360 3358 454 3438 πηγή,
477 3358 565 3421 ouius
577 3358 766 3421 mentionem
780 3359 852 3421 lacit
868 3358 1047 3421 Antoninus
1063 3357 1215 3420 Liberalis
1230 3351 1538 3417 transformationem

273 3463 322 3526 35.
354 3464 471 3546 ltaque,
495 3464 520 3527 si
546 3465 773 3528 summahuius
795 3465 917 3528 l'ahulae
940 3465 1031 3527 lluxit
1046 3486 1084 3527 ex
1104 3463 1224 3540 Ovidio,
1241 3470 1347 3524 tamen
1369 3459 1538 3522 conceden-

274 3570 347 3635 dum
371 3577 418 3632 est
439 3571 606 3654 particulas
628 3571 814 3635 narrationis
836 3572 927 3634 aliter
949 3579 1142 3654 comparatae
1160 3569 1292 3631 insertas
1315 3587 1389 3629 esse.
1421 3565 1538 3629 Utrum

273 3683 377 3738 autem
405 3676 479 3739 haec
510 3677 614 3740 fabula
636 3677 740 3740 redeat
769 3677 806 3740 ad
831 3676 978 3740 Ovidium
1001 3699 1042 3740 an
1069 3676 1106 3739 ad
1127 3679 1242 3738 l'cntem
1270 3673 1345 3750 eius,
1370 3669 1539 3754 disceptari

275 3803 336 3844 non
365 3789 480 3866 potest,
511 3783 659 3865 quoniam
688 3783 781 3846 huius
817 3782 939 3845 lahulae
967 3782 1182 3845 desiderantur
1210 3778 1272 3843 alia
1299 3777 1480 3842 testimonia
1508 3783 1541 3838 et

275 3908 353 3971 quae
381 3889 470 3951 nohis
500 3896 545 3951 est
573 3889 689 3952 tradita
717 3889 815 3951 altera
845 3888 980 3952 narratio
1003 3888 1157 3951 Antonini
1179 3885 1332 3949 Liberalis
1355 3885 1375 3947 l.
1398 3883 1419 3946 l.
1446 3883 1540 3966 plane

275 4001 321 4057 est
343 3995 474 4059 diversa.

358 4101 492 4165 Transeo
522 4103 561 4165 ad
584 4103 692 4184 Ceycis
721 4110 752 4165 et
779 4102 935 4185 Alcyones
965 4100 1111 4164 fabulam.
1163 4098 1295 4162 Ovidius
1319 4096 1390 4161 met.
1414 4097 1541 4174 X1‚410

276 4206 350 4269 haec
380 4206 522 4270 exhibet:
556 4207 656 4291 Ceyx,
686 4207 822 4270 Luciferi
844 4206 928 4269 filius
950 4227 1004 4268 rex
1027 4205 1212 4282 TrachinoS,
1244 4224 1435 4287 quamquam
1465 4223 1542 4265 uxor

277 4312 429 4395 precibus,
452 4334 491 4375 ne
513 4314 621 4393 abiret,
645 4314 824 4390 retinuerat,
847 4313 1001 4396 profectus
1024 4319 1079 4391 est,
1102 4318 1137 4374 ut
1152 4308 1334 4394 Apollinem
1356 4309 1541 4374 consuleret.
