3218 5172
61 503 119 556 rina
138 521 268 557 conversa
282 507 331 570 est,
344 507 370 556 et
383 505 464 558 Nisus
929 518 1037 568 sersus,
1065 503 1111 572 qui
1129 506 1263 572 parricidii
1284 521 1329 560 ex·

63 594 197 644 extinctus
223 591 331 644 deorum
356 592 466 644 misera·
929 606 1043 660 sequens
1070 604 1170 658 poenas
1191 593 1329 648 (11111111-

63 680 132 730 11111
162 679 190 730 in
216 680 271 730 avis
291 682 412 742 mutatus
426 683 466 730 est
930 676 984 730 stili
1003 680 1090 728 mente
1109 680 1284 747 persequitur.

64 765 182 816 [ormam.

130 874 176 926 SA
198 873 297 938 111286
315 890 377 925 nam
396 877 422 926 et
441 873 486 926 illa
506 873 563 926 Nisi
583 873 727 926 secundum
747 873 813 926 alios
833 873 860 925 in
880 889 952 926 avem
973 890 1098 928 conversa
1116 880 1164 942 est,
1183 877 1328 930 secundum

66 958 128 1011 alios
150 960 178 1010 in
198 959 305 1028 piscem.
343 975 404 1026 ergo
421 959 500 1011 etiam
518 959 576 1028 ipsa
596 959 714 1012 biformis
734 958 785 1011 fuit
804 959 873 1012 sicut
891 958 956 1012 haec
976 960 1004 1012 in
1023 960 1128 1014 Siciliae
1146 961 1221 1012 freto.

146 1100 194 1162 De
233 1097 354 1182 Scylla,
395 1099 464 1163 Nisi
500 1099 729 1182 Megarensium
766 1098 847 1182 regis
882 1097 960 1180 filia,
1003 1100 1079 1165 haec
1114 1101 1208 1165 hebes
1245 1101 1328 1185 apud

68 1205 216 1268 Ovidium
245 1207 331 1284 VIII,
344 1207 480 1270 1—151:
518 1206 622 1289 Scylla
654 1227 726 1270 curn
756 1206 856 1270 Minos
888 1227 943 1270 rex
974 1216 1100 1291 propter
1127 1209 1328 1292 Androgeum

68 1310 167 1372 lilium
191 1319 335 1375 necatum
357 1313 457 1376 -de
486 1312 544 1376 hac
565 1333 598 1375 re
621 1311 841 1376 conferendum
865 1320 938 1375 1111.
962 1313 1032 1391 Vll,
1041 1314 1103 1378 453
1112 1335 1178 1398 sqq.
1202 1350 1243 1358 -
1264 1315 1328 1378 Me-

68 1417 248 1497 garensibus
279 1418 395 1481 bellum
426 1419 571 1496 inferret,
600 1438 704 1480 amore
733 1417 846 1480 Minois
876 1417 1003 1482 incensa
1031 1420 1129 1503 patris
1159 1441 1329 1505 purpureos

70 1523 212 1606 capillos
236 1545 379 1608 magnam
402 1523 549 1600 fiduciam
572 1521 658 1606 regni
682 1520 725 1602 (v.
750 1519 801 1602 10)
823 1530 853 1586 et
875 1523 954 1606 patri
978 1523 1091 1587 vitales
1113 1521 1156 1605 (v.
1182 1523 1252 1605 85),
1275 1525 1328 1587 ab·

71 1629 163 1693 scisos
186 1629 281 1693 Minoi
310 1630 433 1694 obtulit.
496 1631 561 1705 Quo
589 1629 723 1692 facinore
747 1629 921 1712 vituperato
952 1651 1021 1693 cum
1045 1630 1145 1694 Minos
1169 1630 1327 1696 obsidione

71 1735 155 1797 finita
180 1736 249 1799 vela
278 1737 405 1800 daturus
436 1743 533 1814 esset,
567 1734 781 1819 desperatione
811 1742 964 1798 commota
986 1735 1090 1818 Scylla
1120 1757 1232 1800 navem
1262 1736 1329 1799 eins

71 1841 219 1906 bracchiis
242 1842 401 1927 complexa
424 1849 470 1904 est
493 1847 616 1904 etcum
640 1848 763 1924 epatre
786 1840 849 1904 iam
873 1841 904 1904 in
929 1841 1117 1905 haliaeetum
1140 1848 1328 1906 commutato

72 1955 240 2030 peteretur,
270 1949 338 2032 ipse
359 1947 601 2012 commutatione
623 1947 704 2010 Ciris
725 1947 792 2010 avis
820 1950 900 2010 facta
929 1956 975 2010 est
997 1957 1028 2011 11
1056 1971 1073 2012 1
1095 1958 1182 2014 tonso
1203 1955 1250 2011 est
1271 1948 1328 2011 hoc
1385 1985 1386 1992 .

70 2075 178 2116 nomen
206 2055 318 2139 adepta
345 2054 467 2139 capillo.
518 2053 643 2138 Optime
672 2053 751 2116 hanc
779 2055 988 2118 narrationem
1015 2057 1110 2119 refert
1138 2056 1190 2119 BB
1213 2056 1326 2128 11114.

72 2159 125 2222 Hic
148 2161 230 2225 solus
253 2160 380 2224 exhibet
411 2182 525 2228 nomen
556 2161 653 2244 patris
676 2160 816 2224 conversi
839 2168 869 2223 et
891 2169 1009 2244 patrem
1040 2163 1110 2226 odio
1138 2162 1237 2225 filiam
1261 2182 1327 2245 per·

71 2274 255 2348 sequentem,
279 2288 351 2330 curn
373 2289 410 2330 ex
433 2268 484 2330 PB
507 2267 611 2345 Vl,74
634 2267 738 2329 verbis
761 2266 851 2330 facile
868 2268 1002 2331 conicias
1025 2276 1144 2352 patrem
1165 2276 1237 2331 ante
1260 2288 1327 2330 rnu-

72 2372 215 2436 tationem
238 2381 421 2437 necaturum
444 2373 548 2437 luisse.
592 2374 616 2436 B
639 2373 783 2436 abhorret
805 2374 844 2436 ab
860 2372 971 2438 Ouidio
993 2374 1099 2438 dicens
1121 2382 1241 2459 patrem
1260 2381 1328 2458 post

73 2478 200 2552 abscisos
228 2481 356 2565 capillos
385 2487 541 2544 mortuum
573 2501 655 2557 esse,
687 2479 769 2562 quod
800 2479 1329 2564 111111111111ροί1111.111,15,8

73 2583 206 2666 invenis,
246 2587 300 2650 sed
329 2587 441 2650 Nisum
478 2607 582 2668 regem
611 2585 827 2668 Sicyoniorum
857 2585 952 2648 luisse
983 2587 1066 2650 solus
1097 2587 1121 2649 B
1150 2586 1239 2648 testis
1272 2592 1327 2648 est.

73 2689 200 2774 Scyllam
233 2693 268 2756 in
296 2693 412 2777 piscem
443 2693 544 2756 abisse
576 2714 647 2756 curn
677 2692 728 2756 SA
750 2693 874 2771 Vl,286
902 2692 996 2756 etiarn
1019 2692 1163 2775 Hyginus
1184 2691 1243 2754 fab.
1271 2691 1328 2754 198

72 2800 198 2879 praebet.
254 2800 332 2863 Cum
364 2799 1035 2883 11111111111411311114111111
1059 2798 1329 2862 hahuissecomas

73 2923 235 2988 purpureas
257 2905 377 2984 dicant,
401 2906 483 2990 apud
503 2907 527 2968 P
550 2927 658 2970 aureos
681 2905 808 2989 capillos
833 2905 972 2984 invenis,
1001 2906 1055 2989 qni
1079 2928 1117 2968 111
1139 2904 1201 2968 alia
1223 2925 1350 2987 narras
1392 2983 1395 2990 .

72 3008 163 3089 tione,
194 3033 273 3094 quae
295 3019 396 3075 exstat
416 3012 499 3097 apud
521 3013 622 3076 Taetz.
645 3012 716 3095 Lyc.
741 3014 802 3076 650
825 3020 855 3074 et
877 3013 970 3076 schol.
994 3013 1065 3075 Eur.
1089 3010 1212 3095 Hippol.
1239 3011 1327 3088 1199,

73 3117 182 3200 sumpti
210 3126 293 3182 sunt.
344 3120 359 3182 Ι
387 3118 475 3182 addit
506 3118 676 3182 narrationi
705 3118 725 3181 S
752 3119 790 3181 ad
812 3118 942 3202 puppim
971 3118 1132 3200 alligatam
1162 3139 1216 3201 per
1244 3138 1329 3180 mare

72 3229 195 3287 tractam
213 3246 279 3288 esse
295 3225 442 3308 Scyllam,
464 3225 496 3288 id
518 3225 599 3308 quod
618 3229 744 3288 sortasse
766 3225 841 3288 latet
862 3223 919 3286 sub
941 3223 1006 3287 illis
1027 3224 1172 3287 verbisB
1193 3223 1339 3291 ahlinoe.

74 3326 204 3411 Scyllam
234 3331 268 3394 in
297 3353 381 3395 mare
411 3331 562 3395 deiectam
592 3352 673 3408 esse,
689 3329 712 3412 ¹)
743 3339 774 3393 11
803 3331 897 3394 etiam
926 3331 1008 3415 apud
1037 3332 1137 3394 Treta.
1161 3331 1233 3413 Lyn.
1259 3332 1328 3409 650,

71 3433 205 3517 hpollod.
224 3437 280 3516 ΙΙΙ,
294 3440 340 3514 15,
350 3438 378 3516 8,
401 3438 495 3501 schol.
512 3438 584 3501 Eur.
603 3437 696 3522 Hipp.
716 3439 803 3515 1199,
824 3437 913 3520 Prop.
930 3438 984 3515 IV,
1005 3437 1050 3514 18,
1068 3438 1178 3518 21sqq.
1196 3436 1328 3500 invenie.

144 3541 266 3626 Scyllae
284 3545 419 3609 narratio
434 3544 574 3628 primum
597 3544 730 3607 occurrit
751 3543 834 3627 apud
855 3543 1002 3626 Aeschyl.
1026 3543 1160 3626 Choeph.
1182 3543 1251 3621 613,
1275 3543 1329 3607 ubi

72 3644 157 3711 etiam
172 3647 331 3731 ἀθανάτη
346 3653 425 3731 θρίξ
443 3650 557 3733 legitur
580 3657 611 3714 11
630 3650 719 3714 donis
735 3650 873 3732 Scyllam
893 3658 1077 3714 commotam
1097 3669 1172 3727 esse,
1195 3656 1226 3712 et
1247 3649 1328 3713 veri-

73 3750 166 3816 simile
191 3761 237 3818 est
258 3755 487 3820 Callimachum
509 3758 588 3821 hane
619 3778 684 3820 rem
709 3763 855 3819 tractasse
876 3754 928 3836 (cl.
953 3755 1177 3818 Schneiderum
1200 3755 1276 3818 Call.
1298 3756 1345 3819 ΙΙ,

72 3877 95 3938 p.
125 3859 262 3945 lllsq.)
325 3863 406 3926 Tum
436 3870 536 3926 exstat
565 3863 725 3927 Parthenii
755 3863 860 3926 fabula
884 3861 981 3946 (apud
1011 3861 1204 3925 Meinehinm
1233 3861 1326 3925 Anal.
1358 3924 1362 3936 ,

72 3962 150 4029 Alex.
174 3988 204 4052 p.
229 3965 305 4048 270)
329 3990 366 4032 ex
386 3969 549 4034 Eustathio
571 3972 610 4035 ad
632 3971 759 4054 Dionys.
778 3970 896 4052 Perieg.
918 3971 995 4035 420:
1018 3975 1134 4041 Μίνως
1153 3969 1264 4050 λαβών
1285 3970 1328 4031 aa*

76 4093 260 4107 *—

132 4160 157 4226 l)
177 4161 236 4214 Nisi
256 4166 296 4214 est
316 4164 407 4215 eadem
426 4181 457 4216 ac
476 4163 624 4216 Pausaniae
642 4165 746 4230 11,34,7
764 4166 896 4217 narratio:
916 4159 952 4224 ὠς
970 4184 1025 4237 γαρ
1043 4162 1075 4236 ch)
1097 4161 1147 4236 τὴν
1167 4166 1292 4219 Νίσαιαν
1314 4162 1330 4218 ὅ

73 4239 156 4304 Μίνως
175 4247 223 4299 καὶ
251 4242 285 4299 τὰ
303 4247 425 4320 Μέγαρα
452 4242 527 4303 εἶλεν
547 4247 657 4320 ἐκείνης
675 4245 836 4321 προδούσης,
856 4246 921 4302 οὔτε
940 4257 1061 4320 γυναῖκα
1082 4251 1158 4310 ἕξειν
1176 4247 1265 4323 cithu
1284 4252 1325 4306 ἔτι

73 4322 163 4391 ἔφασκε
183 4333 232 4386 καί
249 4332 404 4406 προσέταξε
425 4343 482 4396 τοῖς
503 4337 612 4409 Κρησὶν
631 4334 775 4406 ἐκβάλλειν
794 4333 843 4404 τῆς
855 4333 1003 4394 -νεώς....
