3218 5172
689 345 727 407 61

59 554 110 562 —
121 540 314 603 quamquam
334 518 435 582 filium
447 519 606 604 Apollinis
625 542 695 584 eum
716 521 844 584 dioit—
856 542 927 584 cum
945 521 1098 604 nymphas
1115 528 1334 601 contemneret,

57 624 248 688 Narcissum
273 633 428 689 mutatum
451 647 517 689 esse
547 626 681 710 praebet.
733 627 841 690 Tradit
871 626 956 689 enim
979 625 1110 690 Ovidius
1141 627 1329 705 Narcissum,

3 737 4 750 ¹
58 731 197 815 Cephisi
215 739 246 793 et
263 731 404 816 Liriopes
426 731 537 809 filium,
557 753 628 795 cum
648 731 686 794 ab
707 731 789 795 Echo
809 738 966 796 amaretur
985 738 1015 794 et
1033 753 1065 794 se
1083 731 1186 816 ipsum
1204 740 1332 810 amaret,

59 838 101 900 in
124 839 231 900 liorem
253 858 404 915 croceum,
427 837 478 899 cui
500 845 546 900 est
568 859 673 921 margo
695 838 793 916 albuS,
818 844 971 901 mutatum
996 859 1069 901 esse.
1119 839 1215 902 Plane
1237 839 1332 918 aliam

60 944 207 1006 fabulam
237 943 360 1007 invenis
389 943 471 1027 apud
502 944 551 1007 PB
574 945 680 1022 ΙΙ,48,
707 944 760 1027 qui
783 945 953 1008 secundum
976 944 1160 1010 Acusilaum
1183 945 1333 1008 —cuius

58 1072 181 1113 nomeu
211 1057 258 1113 est
287 1051 464 1114 coniectura
493 1050 673 1113 restitutum
703 1085 744 1094 -
773 1051 969 1130 Narcissum,
998 1052 1189 1135 Amarynthi
1220 1051 1331 1130 lilium,

3 1155 4 1172 ¹
60 1157 278 1220 Eretriensem
300 1157 339 1220 ab
364 1156 469 1241 Ellope
489 1157 622 1240 quodam
646 1164 786 1221 necatum
812 1179 877 1221 esse
900 1158 1004 1221 tradit.

151 1264 257 1346 Usque
279 1264 317 1327 ad
339 1264 371 1328 id
401 1264 567 1348 temporie,
598 1272 633 1328 ιιι
656 1265 758 1329 brevis
781 1287 895 1343 essem,
927 1287 1005 1349 quae
1028 1266 1110 1329 inter
1131 1264 1278 1330 Ovidium
1301 1272 1332 1328 et

3 1431 4 1434 ,
60 1370 286 1454 compendium
310 1370 428 1433 similia
447 1378 550 1434 essent
568 1379 622 1434 aut
643 1372 683 1434 ad
703 1370 852 1435 Ovidium
872 1379 926 1434 ant
947 1373 987 1435 ad
1009 1372 1075 1436 eius
1095 1375 1212 1436 iontem
1231 1373 1331 1436 redire

60 1477 144 1539 dixi.
187 1476 352 1553 Quaeritur
374 1498 465 1554 nunc,
489 1476 559 1560 quis
582 1476 624 1539 sit
646 1477 700 1540 ille
723 1480 799 1540 lone.
842 1479 947 1560 Atque
970 1478 1162 1562 plerumque,
1186 1479 1240 1541 ubi
1263 1501 1330 1562 cog-

60 1584 214 1648 norimus
234 1585 347 1648 artiore
369 1584 502 1666 astringi
525 1583 650 1648 vinculo
673 1606 749 1668 quos
771 1585 854 1660 dixi,
876 1585 927 1649 hic
950 1588 1017 1649 lons
1040 1586 1157 1669 sylloge
1179 1586 1331 1670 quaedam

60 1691 245 1754 fabularum
266 1691 552 1775 metamorphoseon
577 1691 805 1774 intellegendus
828 1712 894 1755 esse
916 1691 1056 1770 videtur,
1081 1713 1117 1755 ex
1141 1713 1200 1774 quo
1223 1700 1253 1755 et
1276 1692 1331 1776 qui

3 1869 4 1874 η
60 1796 288 1880 compendium
315 1799 487 1881 composuit
509 1805 540 1860 et
563 1798 694 1862 Ovidius
715 1799 884 1862 hauserint.
919 1799 982 1863 Ubi
1004 1799 1067 1862 nisi
1089 1798 1122 1861 in
1144 1800 1329 1864 universum

3 1889 4 1928 Ι
59 1925 129 1967 non
157 1911 332 1986 congruunt
361 1912 391 1968 et
423 1905 546 1969 fabulae
569 1906 682 1989 quibus
702 1905 901 1969 consentiunt
923 1905 1066 1988 vulgares
1095 1913 1183 1984 sunt,
1214 1907 1328 1970 conici-

60 2030 147 2086 mus,
170 2031 359 2092 quamquam
381 2011 456 2074 haec
479 2033 600 2095 quoqne
623 2033 661 2074 ex
675 2012 731 2075 illa
747 2011 864 2095 sylloge
886 2019 1010 2096 sumpta
1027 2032 1092 2075 esse
1108 2032 1195 2095 posse
1211 2013 1329 2092 damna,

3 2127 6 2256 y
59 2123 174 2178 tamen
193 2115 261 2178 lieri
273 2126 428 2200 posse,ut
393 2117 500 2180 uthis
522 2118 597 2182 locis
619 2117 747 2181 nihil
716 2117 778 2181 nisi
801 2118 909 2180 eadem
931 2117 1070 2180 eiusdem
1092 2117 1214 2180 fabulae
1231 2120 1329 2180 forma

3 2259 4 2264 κ
60 2222 199 2305 apudu
201 2227 347 2305 trumque
375 2223 465 2286 nobis
493 2232 641 2287 occurrat.
693 2222 798 2306 Atque
836 2223 910 2286 huic
944 2223 1049 2305 generi
1086 2223 1205 2287 fabulas
1235 2224 1328 2302 lonis,

2 2312 7 2445 l
60 2327 188 2410 Scyllae
218 2327 288 2390 Nisi
317 2328 416 2407 filiae,
451 2329 599 2407 ProcneS,
635 2329 824 2413 Daphnest
811 2329 914 2393 tribuo
940 2351 999 2393 nec
1028 2350 1101 2393 vero
1129 2329 1239 2414 plane
1251 2351 1328 2413 nego

3 2447 4 2496 l
61 2434 163 2498 etiam
186 2434 264 2497 alias
286 2435 336 2499 hic
359 2436 432 2519 poni
454 2456 550 2518 posse.

3 2537 5 2588 l
148 2540 249 2603 Venio
270 2562 353 2604 nunc
375 2541 414 2603 ad
435 2548 554 2604 sextam
576 2548 698 2625 partem
719 2541 911 2619 fabularum,
938 2562 1016 2624 quae
1038 2542 1129 2626 plane
1151 2542 1231 2606 aliae
1254 2549 1327 2606 sunt

3 2699 4 2704 ,
59 2654 159 2729 atque
182 2667 244 2724 eae,
268 2668 346 2730 quae
367 2646 449 2730 apud
472 2645 620 2712 Ovidium
641 2649 678 2711 de
700 2647 808 2711 eadem
831 2669 863 2710 re
885 2647 1040 2729 leguntur.

3 2739 5 2780 l
149 2751 282 2815 Ovidius
294 2760 366 2815 me
345 2753 466 2832 tXlll,
476 2755 578 2817 429-
580 2755 639 2817 575
653 2754 748 2817 tradit
736 2763 832 2838 t,pos
833 2754 1045 2836 tquamTroia
1063 2776 1082 2816 a
1097 2753 1221 2816 Graecis
1239 2760 1328 2836 capta

3 2859 4 2912 l
60 2859 104 2920 sit
106 2859 327 2942 ,Polydorum
349 2881 372 2922 a
388 2859 547 2942 Polymest
549 2881 608 2938 ore,
632 2860 684 2923 cui
706 2867 787 2922 esset
809 2859 1001 2937 commissus,
1031 2859 1077 2921 int
1065 2861 1174 2921 terl'ect
1162 2867 1230 2920 tum
1250 2878 1325 2920 esse.

3 2933 5 3070 l
62 2967 165 3040 Quem
187 2965 273 3029 litori
294 2966 460 3050 appulsum
484 2986 555 3028 curn
577 2967 704 3030 Hecuba
726 2966 910 3049 agnovisset
889 2966 1093 3030 tHecubam
1122 2964 1279 3047 Polymest
1281 2963 1327 3027 ori

3 3141 4 3200 g
59 3072 168 3135 oculos
199 3072 400 3135 effodisset
370 3080 400 3135 et
430 3073 564 3136 Thraces
594 3081 814 3157 persequentes
848 3073 968 3155 fugient
970 3095 1019 3136 ern
1056 3073 1090 3135 in
1119 3093 1227 3135 canem
1255 3092 1326 3134 con-

3 3211 5 3316 y
59 3199 187 3241 versam
211 3199 285 3242 esse.
330 3178 451 3244 SAlll
420 3181 583 3259 ΙΙ,6ιιιιιι
605 3201 677 3244 cum
699 3180 760 3243 init
762 3181 791 3244 io
813 3187 970 3263 congruat
949 3179 1089 3242 ttradit
1110 3177 1301 3242 Hecubam
1292 3199 1326 3241 rn

3 3326 5 3402 y
58 3306 147 3348 mare
163 3305 196 3348 se
212 3286 364 3368 proicient
366 3309 415 3350 em
435 3287 467 3350 iu
489 3287 583 3350 aliam
604 3290 735 3351 sormam
749 3288 859 3351 abisse.
894 3287 954 3350 Sed
972 3286 1046 3350 haee
1060 3286 1205 3349 Hecubae
1222 3284 1327 3347 sabula

3 3407 5 3502 y
58 3391 144 3453 nihil
169 3391 232 3455 nisi
254 3401 379 3476 excerpt
381 3413 435 3456 um
457 3415 496 3456 ex
514 3402 697 3476 argumento
721 3395 907 3479 Euripideae
929 3394 1073 3458 Hecubae
1103 3413 1169 3456 esse
1191 3393 1277 3456 videt
1265 3402 1325 3456 t.ur

3 3503 6 3636 y
144 3499 217 3561 Met.
241 3499 325 3578 XIV,
335 3500 499 3565 320-396
530 3509 630 3565 exstat
617 3502 772 3565 tOircen
801 3502 927 3580 Picum,
959 3522 1052 3584 quem
1085 3507 1220 3578 amaret,
1254 3520 1325 3563 cum

58 3603 195 3667 Canenti
216 3613 337 3669 amatae
360 3627 392 3668 se
415 3606 512 3670 fidum
535 3607 757 3691 praestitisset,
780 3608 814 3670 in
835 3629 924 3671 avem
947 3628 1070 3671 commu
1072 3620 1161 3669 t.asse
1213 3607 1291 3668 Cont
1278 3612 1326 3668 tra

3 3721 6 3872 g
57 3710 110 3772 SA
145 3711 214 3790 Vll,
227 3713 285 3776 190
320 3713 446 3777 exhibet
434 3721 533 3797 tpro
565 3715 701 3778 Caneute
734 3716 918 3793 Pomonam,
953 3737 1031 3799 quae
1061 3734 1215 3795 nusquam
1246 3711 1324 3775 alibi

58 3816 193 3897 legitnr3
228 3819 354 3881 l‘ortasse
384 3819 511 3883 aliunde
534 3820 633 3903 petita
654 3821 689 3883 in
711 3821 893 3903 compendio
915 3822 1050 3905 ascripta
1072 3821 1132 3883 fuit
1154 3829 1184 3882 et
1207 3821 1323 3882 factum

3 3927 4 3974 l
57 3931 115 4000 est,
149 3929 182 3986 nt
219 3922 385 3988 scholiasta
408 3927 608 4008 Vergilianus
637 3927 765 4009 eligeret
794 3950 906 3991 nomen
935 3929 974 3990 ab
1004 3927 1116 3991 Ovidio
1145 3925 1323 3988 abhorrens

56 4114 242 4181 Vergilianum
261 4132 347 4183 neque
373 4117 445 4186 apud
471 4120 640 4188 scriptorem,
665 4120 710 4185 qui
735 4120 834 4171 nostris
861 4119 983 4170 manibus
1009 4118 1118 4182 teritur,
1144 4115 1324 4166 inveniuntur.

56 4200 117 4262 Qua
142 4217 174 4252 ex
200 4217 227 4251 re
248 4202 359 4254 sortasse
385 4205 528 4258 concludes
548 4207 610 4258 haec
630 4204 811 4256 additamenta
837 4206 857 4256 B
883 4207 910 4257 in
930 4203 1085 4272 compendio
1110 4219 1164 4254 non
1189 4201 1322 4252 exstitisse

56 4285 104 4337 sed
125 4302 140 4335 a
160 4285 182 4336 Β
201 4291 248 4338 aut
266 4304 299 4338 ex
323 4290 389 4357 ipsis
415 4292 588 4360 scriptoribus
615 4294 661 4341 aut
686 4306 717 4341 ex
743 4290 802 4342 aliis
822 4291 1016 4342 commentariis
1042 4290 1125 4358 petita
1150 4304 1208 4340 esse
1233 4288 1322 4354 itaque

56 4373 89 4423 ad
111 4372 297 4440 compendium
317 4378 509 4430 restituendum
529 4376 652 4443 usurpari
671 4378 788 4443 nequire.
