3218 5172
914 316 954 380 52

386 492 459 555 Met.
480 491 742 570 >illlata—897
764 491 845 577 apud
863 491 1009 554 Ovidium
1032 490 1112 554 hanc
1127 487 1251 552 invenis
1266 486 1419 552 fabulam:
1442 489 1514 552 Acis
1530 497 1559 550 et

300 596 436 674 Galatea,
459 617 537 680 quae
560 597 785 681 aPolyphemo
803 597 974 675 amabatur,
997 617 1068 659 cum
1083 594 1158 659 olim
1176 594 1305 678 rupibus
1327 594 1402 658 tecti
1424 592 1559 658 inlitora

301 703 445 781 iacerent,
469 703 696 787 Polyphemum
719 709 899 786 querentem
917 710 947 765 et
962 722 1099 766 amorem
1119 722 1137 763 a
1152 700 1279 764 Galatea
1296 708 1453 784 petentem
1475 700 1559 763 audi-

301 817 422 873 verunt.
453 809 572 885 Quibus
588 809 797 893 Polyphemus
819 808 991 892 conspectis
1008 807 1134 871 Galatea
1149 806 1182 869 in
1206 828 1290 870 mare
1311 807 1450 889 fugiente
1471 809 1559 871 Acim

301 915 403 1000 lapide
421 936 533 997 magno
548 915 709 999 percussit.
748 916 828 978 Tum
846 936 884 978 ex
899 913 1049 996 sanguine
1065 913 1162 978 amati
1178 913 1305 978 Galatea
1320 913 1430 977 elicuit
1451 937 1559 998 aquam

301 1021 455 1105 Acimqua
477 1022 648 1086 indumen
676 1022 785 1102 vertit,
816 1021 867 1085 cui
897 1030 986 1085 vetus
1015 1042 1128 1085 nomen
1157 1027 1204 1084 est
1233 1019 1379 1083 inditum.
1431 1022 1482 1084 Ab
1506 1022 1559 1084 hac

302 1128 479 1191 narratione
502 1128 648 1192 dissentit
670 1127 718 1191 SB
739 1129 843 1206 1Χ,39
866 1127 948 1191 Acin
970 1127 1004 1190 in
1026 1129 1144 1190 iontem
1155 1147 1336 1190 conversum
1360 1147 1426 1190 esse
1448 1128 1557 1205 dicens,

305 1256 376 1298 cum
398 1235 439 1298 lB
463 1233 580 1312 Vll,37
603 1241 685 1299 recte
708 1236 824 1299 flumen
847 1256 884 1298 ex
906 1234 1056 1316 sanguine
1078 1242 1179 1297 ortum
1204 1231 1388 1317 praebeat.1)

388 1339 409 1403 S
431 1348 556 1425 propter
577 1341 669 1404 Acinr
693 1341 727 1404 in
749 1343 866 1405 fontem
885 1361 1068 1404 conversum
1090 1347 1121 1403 et
1144 1339 1223 1402 illud
1246 1349 1426 1425 corruptum
1445 1340 1558 1404 addita-

304 1455 446 1512 mentum
469 1448 594 1512 Acilius
615 1449 653 1512 ad
668 1448 814 1513 Ovidium
839 1448 939 1512 redire
963 1469 1025 1512 non
1049 1455 1156 1531 potest.
1190 1446 1370 1512 lOvidium
1386 1449 1558 1512 adhibuisse

303 1561 404 1638 potest
425 1555 477 1618 sed
501 1556 594 1619 verba
616 1557 680 1619 vim
701 1555 850 1621 adhibere
865 1562 996 1619 conatus
1018 1562 1133 1620 etcum
1151 1575 1220 1619 eam
1235 1555 1273 1620 de
1287 1556 1371 1620 mori
1385 1577 1449 1619 uon
1459 1561 1559 1640 posset

304 1680 433 1724 euocare
453 1661 492 1724 ad
513 1661 613 1725 alium
635 1664 752 1725 fontem
775 1668 913 1746 spectare
937 1660 1091 1724 videntur.

353 1790 501 1856 SG111‚93
528 1791 590 1844 dum
615 1808 674 1844 cum
698 1795 786 1842 amata
810 1790 918 1859 Philyra

302 1876 433 1930 Saturnus
453 1879 543 1942 coiret,
562 1878 616 1947 Ops
636 1880 693 1932 eius
711 1895 778 1931 uxor
802 1878 916 1930 advenit.

303 1964 379 2015 cuius
399 1966 578 2032 praesentiam
596 1967 696 2018 veritus
720 1982 748 2018 se
773 1966 801 2017 in
821 1982 917 2034 equum

303 2052 446 2117 convertit,
466 2052 570 2119 qualem
590 2053 676 2120 potuit
694 2069 791 2106 numen
810 2053 917 2105 imitari.

304 2137 399 2188 exinde
418 2142 498 2190 natus
517 2142 558 2190 est
576 2138 687 2205 Ghircn,
714 2139 823 2192 dimidia
842 2145 917 2208 parte

303 2222 396 2289 homo,
421 2224 530 2276 dimidia
555 2241 682 2293 equus...
727 2227 916 2292 Saturnus,
1350 2224 1395 2276 PG
1414 2226 1497 2290 111,92
1515 2225 1557 2276 Sa-

305 2325 375 2360 cum
403 2309 597 2379 Philyram,
629 2312 759 2365 Oceani
787 2314 916 2380 filiam,
955 2319 1050 2365 turnus
1068 2312 1211 2381 Philyram,
1231 2312 1328 2364 Oceani
1347 2317 1374 2364 et
1393 2313 1506 2379 Tethyos
1530 2310 1557 2361 fi-

304 2396 338 2446 in
357 2397 543 2450 Thessalia
566 2399 766 2452 adamasset
790 2405 823 2452 et
847 2417 916 2452 cum
954 2400 1032 2465 liam,
1056 2401 1222 2452 existimatur
1244 2399 1382 2451 adamasse
1408 2403 1434 2450 et
1457 2415 1513 2450 cum
1531 2413 1558 2448 ea

305 2498 343 2534 ea
362 2485 489 2550 coiret,
515 2484 730 2538 adventante
756 2503 863 2540 uxore
882 2503 916 2540 se
955 2503 982 2538 se
1001 2491 1130 2539 mutasset
1148 2489 1176 2539 in
1195 2503 1305 2553 equam,
1328 2490 1358 2537 ut
1378 2501 1436 2537 eum
1455 2485 1558 2548 falleret,

304 2569 338 2620 in
357 2585 493 2638 equum,
520 2572 618 2624 illam
645 2575 679 2625 in
698 2590 817 2642 equam
836 2590 916 2627 con·
954 2573 999 2626 ille
1018 2571 1557 2642 quoqueinequurntransfiguratuscum

304 2658 412 2709 uertit
431 2661 535 2725 atquc
556 2659 606 2711 ita
625 2664 773 2729 uterque
793 2677 916 2729 oppro-
955 2676 986 2712 ea
1005 2660 1162 2712 concubuit:
1181 2676 1213 2710 ex
1232 2661 1328 2727 quibus
1347 2664 1427 2711 natus
1446 2662 1485 2710 est
1503 2657 1558 2708 Chi·

305 2743 413 2795 brium
443 2745 655 2812 effugerunt.
708 2748 787 2800 hinc
813 2753 917 2800 natus
955 2763 1003 2800 ron
1022 2747 1190 2799 doctissimus
1210 2750 1359 2798 centaurus.

304 2833 357 2881 est
382 2829 508 2883 Ohiron
533 2838 736 2886 centaurus.
779 2835 917 2902 quidam
950 2836 953 2842 ’

304 2915 481 2984 Philyram
508 2919 543 2970 iu
569 2919 692 2972 florem
717 2937 918 2974 conversam

305 3001 427 3054 dicunt
464 3003 517 3055 vel
553 3006 586 3056 in
624 3007 795 3074 arborem,
831 3007 919 3059 unde

305 3087 396 3141 liber
429 3091 638 3159 philyrinus
673 3094 820 3161 dicitur,
854 3111 919 3162 quo

306 3191 456 3228 coronae
475 3177 670 3245 illigantur.

387 3316 518 3381 Ovidius
541 3329 613 3383 met.
634 3322 687 3399 Vl,
701 3323 758 3384 126
781 3321 950 3386 Saturnum
973 3323 1007 3385 in
1027 3343 1142 3405 equum
1165 3328 1319 3384 mutatum
1350 3318 1556 3405 compressisse

305 3421 471 3502 feminam,
503 3445 581 3507 quae
610 3424 683 3490 inde
705 3427 859 3512 pepererit
881 3428 1048 3492 Chironem
1075 3435 1271 3505 centaurum,
1302 3449 1396 3510 quern
1418 3425 1483 3509 ipse
1504 3421 1557 3486 alio

305 3528 370 3592 loco
392 3527 447 3609 (ll,
458 3529 532 3612 676)
554 3531 750 3614 Philyreium
771 3533 865 3598 heroa
892 3534 978 3612 dicit,
1002 3534 1033 3596 id
1057 3541 1103 3596 est
1125 3533 1270 3614 Philyrae
1294 3532 1404 3596 filium.
1443 3531 1490 3593 Ex
1517 3527 1558 3590 his

304 3635 451 3700 tenuibus
486 3638 588 3701 verbis
617 3640 764 3703 haustum
794 3662 859 3704 esse
892 3640 1018 3724 nequit,
1051 3640 1132 3723 quod
1164 3639 1346 3702 scholiastae
1377 3638 1415 3700 de
1447 3637 1504 3700 hac
1529 3653 1557 3695 re

304 3742 440 3806 tradunt.
495 3745 619 3808 Primus
642 3745 808 3822 Chironem
829 3767 867 3808 ex
891 3766 969 3828 equo
991 3745 1124 3809 Saturno
1154 3752 1186 3808 et
1216 3743 1345 3826 Philyra
1373 3749 1557 3827 procreatum

305 3849 431 3912 exhibet
450 3850 643 3934 Pherecydes
665 3861 696 3916 et
717 3861 824 3916 auctor
844 3852 1111 3934 gigantomachiae
1133 3852 1213 3934 apud
1237 3849 1330 3914 schol.
1349 3848 1453 3933 Apoll.
1470 3843 1556 3911 Rhod.

304 3957 408 4033 l,554.
442 3958 520 4021 Puto
541 3966 647 4042 postea
668 3959 833 4022 accessisse
848 3958 905 4022 hoc
922 3959 990 4022 ideo
1009 3961 1126 4021 factum
1143 3977 1218 4033 esse,
1241 3956 1322 4038 quod
1342 3953 1494 4018 Saturnus
1513 3949 1557 4014 ad·

304 4071 485 4127 ventantem
501 4085 629 4128 uxorem
646 4073 812 4144 vereretur,
836 4065 869 4128 id
884 4065 965 4147 quod
982 4063 1141 4146 Vergilius
1157 4063 1182 4126 G
1198 4065 1254 4140 lll,
1265 4063 1304 4125 93
1321 4070 1351 4124 et
1366 4061 1387 4125 S
1404 4059 1457 4142 (ιτ
1475 4055 1557 4124 schol.

374 4260 400 4327 l)
420 4262 474 4314 Hoc
493 4262 550 4315 loco
575 4262 671 4314 addere
690 4262 769 4313 liceat
794 4262 872 4312 etiam
893 4260 937 4311 VB
957 4260 1053 4324 vl1,37
1075 4260 1107 4311 de
1130 4258 1241 4320 Galatea
1267 4276 1280 4309 a
1301 4257 1463 4325 Polyphemo
1483 4254 1557 4306 amato

304 4346 439 4400 adnotare.
