3218 5172
364 604 453 670 Talia
474 608 549 672 dom
570 634 642 678 vero
666 628 839 683 memorant
841 642 878 684 ur
899 623 1058 708 Apollinis
1080 650 1140 708 ore,

365 710 443 776 Eece
465 735 562 795 cruor,
585 719 640 803 qui
663 723 750 786 fusus
770 724 864 791 humo
887 729 1064 811 signaverat
1087 735 1207 815 herbas,

364 817 488 882 Desinit
474 825 575 886 tesse
594 847 692 906 cruor,
716 830 871 916 Tyrioque
892 835 1042 904 nitentior
1063 847 1144 905 ostro

365 921 436 988 Flos
457 926 563 1007 oritur,
584 931 776 1019 formamque
798 939 881 1023 capit
902 963 994 1026 quam
1018 945 1142 1025 lilia,
1116 969 1144 1012 si
1168 971 1228 1012 non

365 1029 542 1114 Purpureus
565 1037 648 1101 color
669 1038 727 1119 his,
748 1051 911 1126 argenteus
933 1052 1042 1113 esset
1033 1073 1067 1115 ιιι
1090 1053 1164 1117 illis.

367 1135 505 1200 Nont
458 1145 505 1202 sat
507 1138 533 1202 is
556 1139 612 1206 hoc
634 1145 825 1212 Phoebot
778 1157 887 1213 ost—
909 1154 935 1217 is
957 1157 1042 1220 onim
1065 1159 1126 1222 fuit
1147 1169 1254 1225 auctor
1277 1163 1403 1228 honoris
1425 1201 1463 1208 —

365 1240 436 1324 Ipse
458 1264 528 1312 suos
550 1249 685 1329 gemitus
709 1254 793 1318 loliis
816 1256 1009 1340 inscribit,
1010 1266 1136 1330 ιΙΑΙΑ

367 1344 437 1410 Flos
459 1348 583 1414 habet
540 1357 705 1442 trnsoript
707 1380 769 1440 um,
791 1363 974 1450 funestaque
996 1369 1034 1432 lit
1021 1377 1101 1434 ttera
1123 1371 1215 1436 ducta
1237 1381 1292 1438 est.

285 1455 317 1511 et
337 1449 426 1515 Ovid.
448 1463 520 1519 met.
541 1457 626 1539 XIII,
640 1463 701 1526 394
722 1485 788 1550 sqq.

367 1557 527 1643 Expulit'
518 1584 584 1647 ipse
605 1589 694 1633 cruor
715 1568 771 1652 (sc.
794 1574 925 1656 Aiacis),
948 1578 1166 1664 rubefactaque
1188 1583 1338 1666 sanguine
1361 1585 1453 1650 tellus

365 1665 559 1750 Purpureum
582 1672 678 1739 viridi
701 1679 809 1759 genuit
796 1681 869 1744 tde
892 1684 1026 1768 caespite
1048 1685 1163 1766 liorem,

369 1770 428 1845 Qui
450 1773 536 1856 prius
559 1776 723 1846 Oebalios
708 1785 809 1848 fuerat
831 1787 868 1850 de
887 1789 1016 1854 vulnere
1038 1799 1138 1856 natus,

367 1877 485 1942 Littera
508 1885 682 1949 communis
706 1889 820 1953 mediis
842 1897 1001 1977 pueroque
1018 1895 1147 1980 viroque

369 1983 523 2068 Inscripta
545 1995 592 2051 est
614 1989 705 2070 foliis,
729 1992 804 2058 haec
826 1999 970 2078 nominis,
994 2000 1050 2064 ille
1070 2003 1235 2084 querellae.

408 2089 451 2142 SA
470 2092 514 2158 lll,
524 2093 565 2146 34.
846 2103 885 2156 SB
904 2105 939 2170 X,
949 2105 990 2157 62.
1269 2110 1313 2162 Bs
1332 2111 1367 2174 X,
1376 2111 1417 2163 62.
1597 2109 1598 2184 l

322 2175 688 2249 amadryadesnamquecum
753 2186 965 2258 Hamadryades:
975 2193 1116 2260 nymphae,
1180 2194 1391 2264 Hamadryades:
1407 2199 1546 2266 nymphae,
1597 2237 1598 2248 ι

287 2261 426 2314 arboribus
445 2269 472 2317 et
498 2273 644 2322 nascuntur
662 2276 688 2323 et
719 2289 850 2340 quaecum
868 2277 1045 2332 arboribuset
1034 2285 1116 2332 t·nas
1148 2297 1297 2348 quaecum
1322 2284 1459 2336 arboribus
1484 2302 1546 2336 nas·
1597 2275 1598 2332 ζ

287 2353 412 2412 pereunt:
437 2351 508 2404 unde
533 2354 688 2424 plerumque
718 2366 814 2414 cuntur
833 2367 858 2414 et
883 2369 1002 2432 pereunt.
1031 2365 1117 2433 qualis
1148 2372 1288 2420 cunturet
1277 2373 1441 2437 ,pereunt
1460 2371 1598 2438 qualis
1597 2399 1598 2456 ι

287 2449 363 2485 caesa
382 2436 475 2490 arbore
494 2442 687 2507 sanguiseme·
716 2447 768 2498 fuit
782 2447 835 2514 illa,
853 2465 930 2516 quam
940 2451 1117 2518 Erysichthon
1147 2453 1198 2505 luit
1223 2454 1285 2520 illa,
1313 2471 1391 2522 quam
1422 2457 1547 2525 Erysich-

286 2523 340 2572 nat.
360 2538 420 2574 nam
440 2523 493 2592 (ut)
513 2526 623 2580 Ovidius
650 2531 688 2581 ait
718 2533 822 2586 occidit.
851 2537 896 2602 qui
920 2551 979 2588 cum
998 2539 1117 2591 arborem
1148 2540 1336 2607 thonoccidit,
1364 2543 1485 2609 quicum
1506 2561 1549 2596 ar·
1597 2573 1598 2584 ι

286 2622 345 2658 oum
365 2608 543 2676 Erysichthon
568 2615 686 2667 arborem
718 2620 846 2672 incideret
865 2626 891 2674 et
910 2639 960 2674 vox
977 2623 1038 2675 inde
1057 2641 1116 2676 eru·
1148 2626 1263 2678 horem
1256 2627 1425 2680 intercideret
1449 2634 1474 2681 et
1498 2647 1551 2682 vox
1597 2619 1598 2692 l

288 2693 416 2747 incideret
456 2699 540 2766 primo
577 2703 687 2768 sanguis
717 2707 789 2774 pite
790 2708 929 2775 tsanguis
948 2709 1017 2762 sicut
1042 2711 1118 2764 docet
1147 2712 1209 2764 inde
1228 2714 1315 2782 erupit
1337 2718 1363 2766 et
1391 2717 1501 2783 sanguis
1521 2722 1598 2768 ιιι

286 2777 388 2832 effluxit
403 2785 463 2849 post
465 2800 495 2835 ea
511 2785 629 2839 ululatus
645 2804 686 2840 se·
717 2793 835 2846 Ovidius
1148 2798 1257 2850 Ovidius
1276 2799 1360 2853 docet.

285 2872 362 2918 cutus
382 2872 430 2920 est.

1597 2589 1598 2618 l

1597 2697 1598 2730 l

1597 2739 1598 2812 l

1597 2839 1598 2928 l

369 2962 468 3035 Quam
490 2967 699 3032 narrationem
722 2969 845 3033 iuvenis
866 2972 949 3056 apud
972 2971 1118 3036 Ovidium
1142 2980 1214 3036 met.
1193 2975 1320 3053 tVII,l
1330 2975 1390 3039 762
1406 2997 1472 3060 sqq
1597 2931 1598 2978 l

450 3069 546 3134 Cuius
567 3073 659 3136 utin
681 3081 790 3138 trunco
812 3075 886 3139 fecit
908 3097 1018 3140 manus
1040 3077 1139 3162 impia
1160 3079 1275 3142 vulnus
1327 3104 1335 3136 ι

1597 3389 1598 3436 ι

366 498 500 564 Addat'
491 523 525 566 ιιι
546 504 629 570 hunc
652 510 758 574 liorem
780 513 914 600 solioque
937 517 1057 600 legatur
1080 523 1196 588 eodem.
1226 561 1267 570 -

1597 1359 1598 1414 l

448 3175 538 3243 Haud
559 3178 651 3242 aliter
673 3179 763 3243 lluxit
785 3179 923 3244 discusso
945 3183 1057 3246 cortice
1079 3183 1273 3265 sanguis...

448 3281 562 3345 Reddit
549 3290 599 3346 tus
622 3306 638 3347 e
661 3285 763 3348 medio
784 3307 877 3350 sonus
899 3294 945 3351 est
967 3309 1036 3351 cum
1060 3289 1166 3352 robore
1188 3289 1270 3353 talis.

369 3385 457 3449 PGI
443 3389 518 3466 I,60
540 3389 703 3453 hominum
725 3411 821 3472 genus
845 3413 883 3455 ex
912 3393 1069 3477 lapidibus
1088 3403 1138 3458 ort
1140 3417 1193 3458 um
1219 3417 1287 3459 esse
1309 3402 1391 3460 recte
1361 3395 1563 3462 tOvidius

284 3494 344 3551 ttes
346 3489 373 3552 is
393 3491 522 3558 advocat
509 3502 560 3558 tur
581 3496 743 3560 versibus.

428 3599 517 3663 Unde
540 3621 636 3682 genus
658 3603 771 3667 durum
801 3623 909 3666 sumus
931 3604 1154 3690 experiensque
1177 3607 1317 3671 laborum

428 3704 467 3767 Et
488 3705 673 3772 documenta
693 3709 817 3788 damus,
841 3731 902 3792 qua
923 3711 1022 3774 simus
1044 3712 1162 3794 origine
1185 3714 1260 3778 nati.

366 3807 496 3873 Ovidius
518 3819 591 3876 met.
604 3813 678 3877 XIV
694 3813 873 3879 ore-580:
896 3815 1063 3900 Postquam
1083 3818 1187 3881 Ardea
1208 3819 1282 3882 urbs
1302 3819 1343 3882 ab
1364 3819 1478 3882 Aenea
1505 3841 1569 3884 ex-

283 3921 420 3996 pugnata
441 3923 504 3995 est,
535 3939 551 3981 e
580 3917 738 3982 cineribus
759 3920 861 3984 evolat
882 3921 964 3998 avie,
995 3921 1046 3985 cui
1074 3922 1159 3986 idem
1187 3945 1301 3988 nomen
1330 3924 1474 3987 inditum
1501 3935 1570 3989 est
1597 3925 1598 4014 l

283 4017 313 4095 S,
338 4019 391 4101 qui
413 4023 442 4084 Α
466 4023 605 4102 Vll,412
628 4031 733 4089 contra
756 4024 904 4090 Ovidium
926 4048 958 4090 se
981 4049 1117 4112 pugnare
1145 4029 1236 4108 dicit,
1261 4031 1337 4094 falso
1358 4029 1573 4096 Hannibalis

284 4143 397 4188 nomon
419 4149 473 4210 pro
495 4129 602 4193 Aenea
624 4131 720 4214 ponit.
764 4133 851 4208 Quod
881 4155 985 4197 merus
1007 4155 1090 4198 error
1111 4134 1302 4218 scholiastae
1324 4155 1388 4198 esse
1411 4135 1574 4217 yidetur,

283 4232 498 4314 nequeenim
527 4235 623 4299 aliam
641 4257 720 4322 esse
751 4239 960 4303 narrationem
988 4240 1205 4324 accipiendum
1235 4247 1296 4319 est,
1327 4241 1489 4324 quoniam
1531 4247 1577 4308 ab

282 4335 458 4401 Hannibale
480 4340 617 4406 Ardeam
642 4365 778 4428 unquam
801 4344 956 4410 hostiliter
978 4345 1109 4431 petitam
1131 4367 1197 4411 esse
1220 4368 1280 4411 non
1302 4355 1349 4411 est
1370 4355 1507 4414 notum.
