3218 5172
44 575 46 664 q
76 573 113 624 lB
132 573 218 640 vr,41
241 575 423 644 luppiter,
450 592 521 628 cum
542 593 645 646 pero·
736 577 780 632 PG
799 577 860 644 l,60
884 578 1046 632 Deucalione
1071 581 1168 647 putant
1191 577 1296 632 Prome-

44 671 91 742 pun
109 661 262 715 haberet
280 669 434 732 propter
461 663 645 717 laritatem
682 665 737 718 thei
755 665 838 718 filium
857 665 939 718 luisse
965 669 991 718 et
1015 664 1140 718 habuisse
1159 666 1187 718 in
1206 665 1296 718 matri·

44 747 209 822 ,iigantum
229 766 342 818 genus
364 751 646 820 lrumanum,sci·
683 754 800 805 monium
834 768 948 806 sororem
983 752 1129 820 patruelem
1161 751 1297 821 Pyrrham,

44 825 117 918 licet,
137 837 232 904 quod
253 854 293 890 ex
311 837 453 890 illorum
474 839 645 905 sanguine
683 839 831 907 Epimethei
852 839 941 902 liliam,
961 839 993 892 iis
1010 838 1183 907 temporibus,
1200 840 1297 906 quibus

44 923 107 998 iiiii
143 927 249 975 erant
284 924 468 988 mortales,
505 925 645 978 diluvio
683 927 721 977 ira
746 925 815 978 lovis
841 924 971 978 inundata
998 925 1109 978 Graecia
1135 925 1296 992 cataclysmo

44 1003 558 1080 inundavitterrasomnesque
584 1013 644 1065 ho·
683 1012 798 1080 perdidit
831 1013 974 1064 humanum
1009 1025 1101 1080 genus.
1151 1010 1202 1073 Qui
1236 1027 1296 1064 cum

44 1097 644 1167 ainesnecavit,exceptisPyrrha
682 1099 778 1168 perlati
813 1103 902 1150 essent
935 1099 963 1150 in
998 1102 1112 1152 moutam
1139 1099 1295 1164 Parnasum,

44 1181 303 1258 ttDeucalione,
320 1185 374 1252 qui
392 1185 423 1236 in
441 1190 547 1238 monte
560 1186 644 1239 Atlio
683 1187 758 1238 cuius
778 1189 881 1238 tantum
900 1185 953 1238 duo
972 1186 1083 1238 vertices
1099 1186 1252 1238 eminebant
1270 1188 1296 1237 et

44 1263 166 1322 liberati
185 1274 275 1322 sunt.
302 1271 358 1322 sed
375 1270 409 1322 hi
427 1287 464 1322 ex
481 1288 644 1340 responso
682 1274 718 1325 ibi
733 1277 803 1324 esset
817 1272 952 1325 oraculum
967 1272 1117 1338 Themidos,
1131 1273 1296 1324 intrauerunt

44 1345 199 1414 lhemidis
245 1359 345 1409 saxis
386 1362 467 1426 post
511 1362 644 1427 tergum
682 1359 831 1424 adorantes,
851 1375 928 1426 quem
947 1359 980 1410 ad
1000 1358 1106 1411 modurn
1127 1361 1236 1427 possent
1253 1373 1294 1410 re·

44 1427 125 1508 iactis
152 1459 267 1511 genus
294 1445 471 1497 hominurn
497 1461 643 1514 repara·
682 1446 756 1498 stitui
782 1445 908 1496 homines.
954 1443 1056 1506 Quibus
1080 1461 1236 1514 responsum
1256 1448 1296 1498 est

44 1535 157 1594 rerunt,
177 1535 211 1583 et
231 1531 368 1598 Pyrrhe
388 1532 525 1600 quidem
542 1549 643 1601 repa·
681 1531 805 1584 iactanda
823 1545 880 1582 esse
905 1531 937 1582 iis
960 1547 1020 1583 osea
1046 1533 1164 1599 parentis
1184 1547 1295 1598 magnae

44 1619 112 1669 'avit
136 1619 168 1669 ie
178 1619 309 1682 minas,
335 1619 504 1672 Deucalio
524 1635 643 1672 mares.
682 1622 741 1686 post
755 1622 829 1684 terga
843 1616 979 1670 discinctis
991 1618 1176 1686 capitibusque
1191 1618 1293 1670 velatio.

44 1703 88 1754 dii
120 1705 250 1756 dicunt
286 1705 399 1757 lovem
436 1706 643 1774 Lycaonem,
680 1705 849 1772 Interpretati
877 1708 965 1756 autern
993 1720 1052 1755 cum
1080 1708 1169 1757 essent
1197 1709 1294 1757 terram

44 1792 108 1858 quod
135 1793 165 1842 ei
195 1792 321 1844 filium
350 1809 444 1844 suum
474 1793 643 1861 apposuit
681 1795 831 1860 parentem,
858 1806 918 1842 ossa
952 1791 1008 1842 eius
1039 1789 1142 1858 lapides
1173 1791 1293 1844 iecerunt

44 1878 252 1944 epulandum,
280 1879 392 1946 ipsum
412 1879 549 1946 quidem
572 1879 642 1932 iul·
681 1883 801 1948 postse,
828 1893 859 1930 ex
878 1877 975 1945 quibus
994 1877 1129 1929 hominum
1148 1893 1232 1945 genus
1251 1894 1291 1930 re·

44 1965 108 2016 uine
142 1966 358 2032 peremisse,
395 1966 528 2018 iecisse
563 1983 642 2018 vero
681 1968 844 2018 natumest:
871 1964 947 2015 cuius
973 1964 1053 2015 etiam
1072 1964 1291 2018 Ovidiusmemi·

44 2049 643 2120 liluvium,quohominesperirent
681 2054 721 2104 nit
740 2090 832 2104 ......

44 2138 530 2206 exceptisPyrrhaAEpimethei
550 2140 643 2204 lilia,

44 2224 643 2316 ptDeucalione,Prometheifilio,

44 2313 79 2378 pri
102 2313 261 2364 Parnasi
288 2313 415 2364 montis
443 2313 643 2366 altitudine

44 2381 159 2450 leiensi
185 2416 201 2450 a
223 2398 364 2450 diluvio
383 2404 465 2452 sunt
484 2403 515 2452 et
533 2401 642 2452 homi-

44 2495 93 2536 uum
110 2502 244 2553 genus,
259 2489 296 2537 ut
315 2502 420 2553 supra
440 2485 562 2539 dictum
583 2491 643 2552 est,

44 2577 294 2638 reparaverunt.

98 2708 216 2771 Exstat
244 2707 334 2771 Ovid.
359 2716 431 2771 met.
461 2710 485 2786 I,
505 2710 560 2771 151
574 2729 639 2791 sqq.
663 2715 694 2771 et
715 2707 878 2770 aea-415
901 2727 917 2769 e
946 2705 1096 2787 sanguine
1119 2705 1289 2788 Gigantum

44 2807 111 2892 prus
142 2814 324 2877 humanum
355 2836 427 2895 erga
452 2814 524 2877 deos
546 2814 681 2898 impium
703 2820 805 2878 ortum
827 2835 845 2876 a
867 2813 939 2877 Iove
961 2811 1080 2877 diluvio
1102 2812 1198 2877 misso
1220 2834 1287 2897 per-

44 2911 87 2981 bse.
139 2921 234 2984 Solos
268 2920 491 2984 Deucalionem
520 2928 551 2984 et
580 2920 732 3003 Pyrrham
764 2920 803 2983 ad
834 2940 982 2984 cacumen
1012 2918 1141 2982 Parnasi
1173 2919 1288 2984 montis

44 3027 163 3090 uaricula
186 3028 324 3110 appulsa
347 3034 484 3090 servatos
506 3028 578 3091 deos
601 3027 716 3090 montis
739 3034 770 3089 et
791 3025 976 3089 Themidem
999 3024 1195 3108 implorasse,
1218 3025 1287 3108 qui-

44 3123 76 3192 lus
102 3133 273 3196 orantibus
296 3134 481 3197 Themidem
512 3134 696 3217 imperasse,
728 3139 762 3196 ut
793 3132 933 3195 membra
967 3129 1143 3216 „parentis“
1175 3132 1287 3196 velatis

44 3239 172 3319 apitibus
206 3246 279 3322 post
308 3247 394 3321 terga
416 3240 560 3302 iacerent.
605 3238 703 3302 Sensu
725 3261 743 3302 a
764 3237 952 3302 Deucalione
973 3237 1133 3303 intellecto
1155 3245 1288 3302 matrem

44 3337 237 3438 patenam,
263 3367 302 3408 ex
324 3346 481 3430 lapidibus
503 3346 592 3408 iactis
615 3345 836 3409 aDeuoalione
858 3344 950 3423 viros,
973 3366 991 3408 a
1013 3344 1133 3428 Pyrrha
1154 3344 1287 3408 feminas

44 3451 95 3512 irtus
118 3473 200 3514 esse.
250 3452 362 3515 Totam
391 3452 658 3514 narratiunculam
688 3459 718 3514 et
741 3450 846 3514 Ovidii
876 3471 990 3515 nomen
1014 3450 1108 3514 habet
1131 3451 1214 3515 solus
1235 3449 1288 3513 PG

44 3547 90 3627 lto
110 3565 249 3642 excepta
272 3579 308 3622 ea
329 3579 362 3620 re
389 3558 660 3622 Deucalionem
682 3557 875 3621 intellexisse
896 3558 1066 3621 oraculum.
1109 3558 1150 3621 ID
1173 3559 1226 3636 Vl,
1236 3559 1286 3636 41,

44 3675 211 3746 quemquam
242 3665 277 3726 in
298 3664 480 3727 universum
505 3665 664 3746 congruit,
696 3664 824 3728 aliunde
847 3663 1021 3727 immiscuit
1043 3671 1182 3729 montem
1203 3664 1287 3727 Atho

44 3763 80 3858 pco
112 3769 271 3846 Parnasi,
314 3792 384 3833 curn
418 3771 451 3832 in
485 3770 589 3834 fabula
620 3770 769 3852 Lycaonis
807 3779 887 3833 recte
928 3770 1073 3833 exhibeat
1105 3771 1286 3834 Parnasum.

44 3859 91 3940 lili
119 3884 236 3940 autern
269 3877 409 3960 persuasi
440 3876 524 3960 apud
555 3877 570 3939 Ι
606 3876 665 3940 duo
690 3884 843 3960 'excerpta
875 3875 1052 3959 compendii
1075 3897 1130 3939 nos
1164 3875 1285 3953 habere,

44 3967 149 4062 lterum
174 3983 264 4066 quod
287 3983 383 4046 etiarn
407 3984 430 4046 P
454 3983 491 4046 de
514 3982 643 4061 diluvio,
668 3983 803 4045 alterurn
826 3983 863 4046 de
883 3983 1023 4064 Lycaone
1044 3989 1075 4044 et
1097 3983 1134 4044 de
1157 3981 1285 4044 diluvio.

44 4075 79 4148 loc
100 4111 209 4174 saepe,
235 4089 264 4152 si
288 4088 527 4173 perlustraveris
549 4088 674 4167 scholia,
699 4088 857 4167 invenies3
887 4091 924 4151 cl.
948 4088 1070 4171 Scyllae
1095 4088 1233 4151 fabulam
1256 4094 1288 4149 et

44 4187 87 4256 luii
103 4198 256 4261 fabulam
276 4197 419 4279 quodque
436 4196 475 4259 ad
492 4195 572 4259 hano
589 4195 670 4258 dixit
686 4195 827 4260 Wentzel
843 4194 955 4259 Philol.
973 4197 1011 4259 Ll
1027 4217 1057 4279 p.
1074 4196 1113 4258 52
1122 4215 1187 4277 sqq.
1226 4192 1287 4256 Sed

44 4291 149 4368 bieco
165 4326 235 4368 non
253 4303 296 4381 id,
321 4302 403 4385 quod
419 4303 563 4366 Wentnel
581 4303 600 4366 l.
613 4303 632 4365 l.
651 4302 726 4379 vult,
751 4304 866 4364 iactum
888 4322 954 4364 esse
969 4303 1067 4378 oredo,
1088 4300 1287 4364 scholiastam

55 4425 134 4472 unam
159 4434 233 4476 rem
253 4412 362 4494 ipsum
377 4409 585 4492 discerpsisse,
609 4409 662 4472 sed
687 4429 724 4470 ex
746 4409 878 4472 diversis
900 4409 1132 4472 corrrmentariis
1154 4410 1213 4473 duo
1235 4433 1286 4472 ex·

1090 4516 1107 4566 4
