3218 5172
685 347 720 410 ll

72 525 152 590 mihi
173 524 207 588 in
229 529 373 608 promptu
395 522 546 607 exempla.
592 524 671 591 Cum
693 523 853 607 Vergilius
880 525 1071 592 mentionem
1104 526 1178 592 lacit
1199 525 1329 610 Hyrmi-

73 631 197 710 donum,
220 630 241 694 S
262 638 293 694 et
314 631 359 695 lA
381 631 449 708 ll,7
471 651 580 694 ansam
602 631 729 716 capiunt
744 631 882 697 fabulam
893 633 1125 717 Myrmidonum
1142 653 1180 698 cx
1194 632 1332 698 formicis

72 745 209 802 ortorum
230 736 358 800 adferre.
410 737 490 800 Cum
512 737 670 820 Vergilius
698 745 918 802 commemorat
948 739 1120 819 „coniferae
1149 737 1329 824 cyparissi“,

72 852 103 908 et
125 842 146 907 S
168 852 199 907 et
220 843 265 908 ΙΑ
294 841 421 921 ΙΙΙ,680
449 842 615 908 nonnullas
637 843 757 908 fabulas
778 844 816 908 de
845 844 953 908 arbore
984 865 1022 908 ex
1043 845 1169 910 homine
1191 853 1257 912 orta
1277 847 1331 910 ad·

72 956 188 1014 notant.
239 949 290 1019 Ad
318 948 497 1027 Animo
528 969 588 1031 quo
618 948 683 1014 loco
711 948 835 1014 invenis
866 947 1005 1034 Scyllam
1033 958 1224 1030 monstrum,
1258 951 1331 1016 etS

73 1059 139 1121 etl
162 1056 332 1140 longiorem
353 1055 391 1120 de
413 1054 569 1124 amoribus
598 1054 665 1120 cius
695 1063 725 1119 et
754 1053 944 1120 amatoribus
967 1063 1132 1120 tractatam
1152 1057 1330 1122 adnectunt.

73 1163 187 1227 Eodem
210 1161 361 1226 modoad
390 1161 503 1226 durum
523 1161 685 1226 Atlantem
708 1160 753 1243 (A
773 1164 828 1241 IV,
838 1159 914 1242 246>
943 1163 1091 1248 praebant
1113 1162 1134 1227 S
1156 1172 1186 1228 et
1208 1165 1223 1226 l
1245 1163 1332 1228 fabu-

73 1268 135 1332 lam
156 1267 299 1333 Atlantei
320 1267 402 1334 horti
423 1277 454 1332 et
475 1268 589 1333 Persei.
633 1269 683 1334 Ad
706 1269 732 1332 G
755 1271 848 1349 ilat
871 1270 927 1335 ubi
949 1271 1064 1354 legitur
1084 1293 1199 1337 nomen
1222 1271 1332 1336 Glauci

71 1375 131 1454 dei,
155 1382 185 1439 et
203 1375 225 1439 S
247 1377 316 1439 ctP
338 1375 408 1439 etB
430 1381 557 1444 narrant
578 1377 730 1459 quomodo
751 1398 790 1442 cx
811 1375 938 1442 homino
955 1378 1030 1442 deus
1045 1381 1144 1444 lactus
1164 1379 1213 1443 sit.
1253 1379 1332 1443 Cum

71 1481 231 1566 Vergilius
259 1482 494 1548 commonefacit
523 1483 654 1567 pastoris
676 1483 851 1561 Adonidos,
882 1482 949 1550 aius
978 1491 1075 1550 totam
1098 1485 1198 1550 vitam
1220 1485 1292 1549 inde
1313 1507 1332 1550 a

70 1589 269 1674 conceptione
302 1610 399 1674 usque
427 1589 466 1656 ad
488 1597 622 1656 mortem
643 1591 657 1655 l
680 1597 711 1654 ct
733 1591 784 1654 PB
806 1590 844 1670 X,
858 1591 895 1658 18
928 1611 982 1655 nos
1001 1592 1120 1657 docent.
1165 1592 1227 1658 Ubi
1248 1593 1330 1677 apud

71 1695 247 1778 Vergilium
268 1703 368 1760 exstat
390 1695 561 1775 narcissus,
595 1695 643 1759 SB
672 1697 759 1776 11‚47
793 1697 843 1760 PB
872 1698 912 1775 ll,
922 1697 963 1761 48
994 1698 1046 1762 BB
1075 1698 1114 1774 ll,
1124 1701 1163 1763 47
1193 1700 1330 1766 Narcissi

70 1804 209 1868 fabulam
230 1803 367 1867 tradunt.

150 1913 215 1988 Qua
236 1910 364 1995 quidem
385 1931 418 1974 rc
439 1931 502 1974 non
523 1909 624 1975 solnm
645 1909 801 1976 evincitur
822 1910 878 1974 has
901 1910 1021 1974 labulas
1043 1931 1149 1976 omnes
1170 1912 1211 1976 ad
1232 1933 1330 1976 unum

71 2021 189 2085 sontem
211 2017 328 2094 redire,
362 2017 416 2082 sed
438 2016 533 2082 etiam
554 2016 637 2080 hunc
659 2019 777 2081 fontem
798 2016 894 2082 fuisse
916 2018 1173 2082 commentarium
1193 2018 1232 2082 ad
1254 2020 1330 2082 Ver-

71 2125 187 2207 giliana
202 2123 341 2188 carmina
362 2122 544 2208 explicanda
567 2125 750 2188 conlectum.
794 2123 877 2202 Quae
897 2143 945 2187 res
970 2139 1004 2188 co
1028 2124 1114 2188 omni
1135 2125 1329 2192 dubitatione

70 2231 221 2296 eximitur
243 2232 324 2315 quod
342 2230 550 2314 compluriens
571 2229 768 2314 conplurium
784 2229 996 2294 narrationum
1012 2231 1151 2295 ciusdem
1173 2233 1227 2312 rei,
1251 2255 1329 2317 quae

69 2338 146 2403 olim
169 2339 339 2418 exstabant,
362 2361 398 2406 ea
419 2345 466 2402 est
488 2337 585 2402 electa
607 2359 685 2422 qnae
708 2359 780 2402 cum
802 2337 941 2422 Vergilio
963 2344 1119 2421 congruat.

153 2437 315 2532 Exempla
334 2446 410 2510 haec
439 2453 528 2524 sunt3
561 2444 690 2508 initium
715 2443 889 2508 laciendum
913 2450 959 2506 ast
987 2463 1024 2506 ex
1049 2443 1193 2508 Caenidis
1215 2444 1327 2524 fabula,

69 2575 164 2637 quem
187 2553 238 2617 SA
267 2552 389 2632 villa
411 2574 450 2616 cx
471 2551 538 2616 viro
570 2552 685 2616 iterum
707 2550 857 2614 seminam
880 2553 996 2614 l'aotum
1018 2570 1084 2613 esse
1105 2558 1327 2635 postmortem

68 2661 167 2724 docet.
222 2659 312 2741 Legis
339 2666 445 2724 autem
475 2659 557 2743 apud
585 2656 761 2740 Vergilium
790 2658 819 2721 A
849 2656 902 2735 Vl,
913 2657 990 2721 448:
1023 2663 1052 2720 et
1079 2657 1203 2721 iuvenis
1231 2679 1327 2744 quoa-

68 2768 163 2848 dcm,
201 2786 286 2832 nuno
312 2766 436 2848 femina
464 2764 618 2848 Caeneus,
656 2784 775 2830 rursus
805 2772 834 2830 et
862 2765 897 2829 in
927 2773 1058 2830 calmem
1087 2765 1158 2847 fato
1187 2764 1329 2829 reuoluta

70 2875 218 2954 oporam.
262 2874 368 2957 Neque
390 2881 437 2938 est
459 2895 514 2936 cur
535 2873 591 2938 hoo
613 2857 731 2938 exloco
747 2880 908 2958 sumptum
924 2894 990 2938 esse
1006 2894 1107 2956 neges,
1131 2894 1203 2936 nam
1221 2894 1328 2956 quam-

69 3003 164 3064 quam
188 2981 292 3046 l'abula
312 2981 393 3065 apud
413 2981 543 3046 Graecos
564 3001 654 3065 saepe
676 2988 828 3059 narratur,
850 2979 923 3044 talis
946 3002 1008 3044 non
1030 2980 1092 3045 nisi
1114 2980 1165 3044 hio
1187 2984 1327 3044 retertur.

154 3090 191 3152 ln
226 3088 380 3152 narranda
409 3088 513 3152 tabula
538 3087 701 3152 Atalantes
736 3108 843 3151 omnes
872 3086 1054 3152 scholiastae
1089 3108 1151 3153 uno
1179 3108 1329 3151 consensu

69 3197 198 3260 tradunt
219 3196 302 3261 mala
322 3217 415 3261 aurea
436 3196 549 3279 quihus
571 3195 703 3281 pellecta
724 3215 796 3260 oum
815 3193 850 3259 in
871 3215 963 3259 cursu
984 3202 1156 3258 moraretur
1171 3195 1254 3258 victa
1277 3195 1327 3274 sit,

69 3325 110 3368 ex
129 3304 336 3388 Hesperidum
356 3304 444 3369 horto
470 3302 574 3368 fuisse.
617 3302 656 3366 Et
678 3302 756 3386 legis
777 3303 859 3387 apud
880 3301 1057 3386 Vergilium
1079 3303 1104 3365 B
1127 3303 1179 3380 Vl,
1193 3303 1231 3365 61
1262 3307 1328 3367 tum

69 3412 159 3477 canit
180 3410 391 3496 Hesperidum
412 3411 563 3476 miratam
585 3410 673 3475 mulo
688 3413 841 3495 meltum,
872 3409 954 3474 unde
971 3408 1157 3492 Hesperidas
1180 3409 1214 3472 in
1234 3409 1327 3474 aliam

70 3520 208 3586 fabulam
231 3519 372 3584 inseruit.
434 3520 517 3595 Quae
539 3518 693 3584 sententia
715 3539 785 3583 oum
808 3517 888 3581 mihi
909 3517 1008 3598 magis
1030 3515 1182 3594 arrideat,
1212 3523 1327 3598 tamma

69 3651 144 3694 cum
173 3627 257 3692 idem
287 3626 381 3692 schol.
404 3626 531 3690 Theocr.
553 3625 813 3706 arconneso,
846 3645 909 3688 non
934 3623 1025 3708 plane
1052 3624 1151 3687 refuto
1173 3644 1329 3688 commen-

69 3745 202 3801 tatorem
229 3735 294 3799 loco
316 3733 450 3817 Vergilii
478 3741 667 3800 commotum
696 3755 734 3797 ex
763 3732 882 3796 duabus
904 3729 1149 3809 narrationibus,
1182 3751 1259 3814 quae
1282 3731 1329 3794 in-

70 3850 215 3922 venerat,
240 3841 381 3925 Vergilio
403 3861 570 3924 congruam
593 3840 731 3924 elegisse.

68 3993 204 4045 Portunus
235 3994 266 4044 ut
292 3991 375 4044 Varro
404 3993 440 4044 ait
473 3991 538 4043 daus
565 3993 689 4057 portuum
720 3992 907 4056 portarumque
934 4003 1040 4054 praeses
1142 3986 1212 4039 hunc
1236 3985 1330 4042 Graeci

67 4079 230 4132 Palaemona
248 4081 350 4130 vocant.
386 4077 432 4130 VB
451 4077 565 4143 Vll,3l:
592 4076 670 4128 Nerei
688 4074 743 4127 filia
762 4092 777 4126 a
795 4074 955 4143 Polyphemo
984 4074 1091 4142 cyclope
1119 4072 1241 4125 adamata
1259 4087 1329 4124 com-

68 4165 177 4234 plexum
197 4166 254 4218 eius
273 4164 374 4218 evitans
390 4165 420 4218 in
437 4180 508 4218 mare
535 4179 563 4216 se
590 4163 789 4232 praecipitavit;
815 4161 860 4214 sed
886 4165 998 4229 utroque
1016 4159 1073 4213 loco
1093 4160 1175 4213 altero
1194 4160 1284 4212 lnonis
1304 4161 1330 4211 et

67 4251 218 4307 Melicertes
238 4251 320 4306 altero
333 4250 426 4308 Acidis
443 4251 615 4304 mutationem
634 4249 828 4322 praetermittit.
864 4247 903 4302 De
921 4248 1000 4300 tertia
1019 4247 1109 4300 fabula
1126 4246 1243 4300 Latonae
1260 4246 1330 4304 inira

68 4338 165 4390 dicam.
201 4338 293 4406 ltaque
312 4352 406 4390 censeo
425 4336 593 4389 scholiastam
613 4334 644 4400 V,
670 4351 727 4387 cnm
748 4334 924 4387 conscriberet
945 4349 1039 4402 corpus
1059 4333 1231 4398 scholiorum,
1259 4349 1329 4386 com-

67 4423 196 4495 pendium
215 4424 461 4494 metamorphoseon
480 4439 534 4475 non
554 4421 715 4475 adhibuisse.
