3218 5172
905 326 944 388 62

290 499 430 564 Fortasse
454 505 559 562 tamen
581 505 645 562 tota
668 498 803 562 narratio
825 507 872 562 est
901 500 940 564 ab
960 499 1071 564 Ouidio
1086 500 1203 564 aliena
1231 498 1422 582 aliundeque
1452 499 1492 562 ab
1526 521 1563 563 eo

292 604 347 688 qui
368 604 586 688 compendium
609 604 782 688 composuit
803 612 936 689 sumpta.

374 711 451 774 Cum
488 703 619 774 Ovidius
652 717 725 774 met.
756 710 912 789 mutuo
940 711 1042 775 tradat
1071 710 1238 775 nonnullos
1266 711 1365 775 socios
1396 710 1563 774 Diomedis

293 838 363 880 oum
382 816 496 880 Veneri
520 816 686 892 obstarent,
711 815 859 880 Diomede
875 817 947 880 vivo
970 817 1002 880 iu
1025 838 1098 881 aves
1115 825 1250 882 mutatos
1266 839 1341 896 esse,
1362 817 1413 880 SA
1431 817 1561 895 Xr,271

290 923 393 988 reddit
424 929 491 1006 post
514 921 697 986 Diomedem
728 930 885 986 mortuum
915 923 971 986 hoc
1001 925 1116 987 sactum
1147 944 1222 986 esse.
1274 925 1378 1006 Atque
1408 922 1560 1007 quoniam

290 1030 384 1094 etiam
409 1028 567 1110 Vergilius
594 1028 679 1092 idem
702 1029 828 1112 praebet
854 1035 947 1112 atque
970 1028 1118 1108 Ovidius,
1148 1030 1390 1113 exspectandum
1420 1049 1485 1092 esse
1510 1029 1561 1092 vi-

291 1135 382 1198 detur
403 1134 460 1197 hac
482 1155 514 1198 re
526 1141 713 1197 commotum
737 1133 935 1198 scholiastam
952 1133 1101 1198 Ovidium
1124 1135 1220 1218 sequi.
1260 1134 1415 1210 Quomodo
1439 1137 1559 1196 lactum

291 1242 342 1319 sit,
365 1249 401 1304 ut
423 1241 514 1304 aliter
532 1244 645 1304 l'aeerct
662 1238 827 1302 scholiasta
849 1261 942 1323 supra
956 1261 985 1324 p.
1003 1240 1039 1304 13
1054 1241 1281 1305 demonstrari:
1306 1240 1470 1303 scholiasta
1488 1239 1560 1302 rul-
1602 1267 1603 1270 ¹

290 1369 393 1430 garem
411 1347 546 1410 lahulam
564 1353 687 1408 secutus
703 1352 757 1408 est.
794 1345 959 1428 Vulgarem
975 1353 1080 1409 autern
1099 1347 1178 1410 hanc
1195 1347 1331 1411 l'ahulam
1351 1346 1452 1422 luisse,
1475 1366 1560 1426 quae

293 1462 397 1518 tamen
418 1475 436 1518 a
460 1453 592 1516 diversis
614 1453 736 1515 diverso
757 1453 846 1516 modo
867 1453 910 1516 sit
930 1461 1061 1531 narrata,
1085 1475 1122 1516 ex
1140 1454 1224 1532 loeis,
1247 1474 1323 1535 quos
1345 1452 1468 1534 collegit
1481 1450 1559 1514 Hol-

291 1559 415 1625 landius
431 1557 641 1641 Heroenvdgel
666 1579 693 1641 p.
714 1559 751 1620 12
760 1577 836 1640 sqq.‚
862 1558 1027 1640 intellegis.
1062 1561 1126 1636 Qua
1142 1559 1357 1623 dissertatione
1373 1559 1459 1621 nisus
1478 1557 1559 1620 duas

289 1667 425 1732 veltres
455 1666 648 1732 narrationes
677 1665 711 1727 in
732 1671 870 1729 nostram
891 1665 980 1747 quasi
1003 1665 1036 1728 in
1058 1687 1156 1729 unum
1185 1686 1294 1750 corpus
1324 1664 1472 1729 coaluisse
1504 1665 1558 1728 de-

290 1772 476 1836 monstrabo.
511 1771 643 1849 Primae,
666 1791 760 1853 quam
777 1770 963 1834 Hollandius
978 1773 1059 1854 Lyco
1070 1769 1217 1854 assignat,
1240 1771 1377 1834 attribuo
1395 1769 1558 1850 ἐρωδιούς,

289 1886 320 1944 et
342 1899 415 1942 aves
437 1878 567 1941 Graecos
591 1877 786 1940 blandientes
807 1878 957 1957 salutare,
987 1879 1097 1942 tertiae
1127 1881 1232 1961 lugam
1263 1879 1470 1942 barbarorum.
1518 1878 1558 1940 Et

289 1985 370 2068 quod
394 1993 494 2048 exstat
515 1983 597 2068 apud
620 1983 641 2046 S
662 1983 746 2064 quod
769 1983 940 2048 Diomedes
968 1985 1007 2048 od
1028 1984 1155 2066 Illyriis
1175 1987 1381 2069 interemptus
1402 1989 1455 2062 est,
1479 1995 1558 2068 puto

289 2091 456 2154 conflatum
486 2110 523 2152 ex
545 2089 639 2152 tertia
666 2090 843 2154 narratione
871 2090 904 2153 in
926 2112 987 2173 qua
1008 2092 1047 2155 ab
1070 2091 1190 2174 Illyriis
1213 2092 1373 2156 Diomedis
1395 2091 1471 2154 socii
1495 2092 1557 2153 im-

289 2203 363 2280 petu
383 2195 475 2280 petiti
504 2196 617 2260 mutati
647 2217 713 2260 esse
735 2196 919 2260 dicebantur
948 2205 979 2259 et
1001 2219 1039 2260 ex
1061 2199 1211 2278 secunda,
1243 2219 1337 2282 quam
1367 2198 1557 2262 Hollandius

288 2304 382 2366 refert
402 2303 440 2365 ad
464 2301 645 2382 Timaeum,
677 2303 710 2366 in
733 2323 794 2386 qua
815 2304 981 2368 Diomedes
1002 2304 1041 2368 ab
1063 2306 1171 2368 Dauno
1194 2326 1249 2389 per
1271 2304 1402 2369 insidias
1425 2312 1557 2367 necatus

289 2429 356 2474 esse
377 2409 541 2472 terebatur.
592 2409 730 2473 Fortasse
751 2417 857 2473 autem
886 2410 981 2474 aliam
1002 2415 1076 2481 {rem
1099 2411 1138 2475 ad
1160 2411 1379 2496 explicandum
1403 2411 1556 2474 advocare

287 2535 459 2601 possumus.
491 2517 573 2580 Nam
589 2516 771 2580 Diomedem
792 2537 847 2602 per
864 2517 930 2580 vim
948 2517 1147 2582 interfectum
1163 2538 1229 2581 esse
1244 2518 1308 2582 iam
1321 2517 1483 2600 antiquius
1507 2525 1557 2580 est

290 2622 473 2706 primusque
488 2621 577 2685 testis
596 2629 643 2686 est
659 2622 866 2686 Mimnermus
888 2625 944 2706 lrg.
962 2625 1001 2686 22
1025 2622 1077 2704 (ci.
1094 2624 1238 2688 Holland.
1261 2645 1290 2708 p.
1307 2623 1361 2704 21)
1374 2650 1411 2672 =
1426 2623 1557 2686 Tzetzes

289 2729 360 2813 Lyc.
384 2729 444 2794 603
453 2748 519 2812 sqq.
542 2723 738 2806 ὕστερονδὲ
759 2727 777 2790 d
799 2727 962 2810 Διομήδης
983 2729 1145 2810 πρόςτοῦ
1167 2729 1298 2794 Aarirou
1321 2729 1484 2812 ἀνῃρέθη,
1517 2729 1558 2791 ad

288 2857 381 2918 quem
396 2837 524 2899 fortasse
547 2834 641 2897 etiam
664 2834 720 2900 illa
740 2836 833 2899 verba
853 2836 975 2900 Taetzis
996 2837 1015 2900 l.
1033 2837 1053 2900 l.
1078 2838 1207 2901 redeunt
1229 2834 1260 2898 oi
1280 2835 1317 2898 dl
1340 2834 1428 2918 φίλοι
1449 2834 1558 2895 αὐτοῦ

286 2942 485 3022 θρηνοῦντες
514 2937 617 3002 αὐτόν
645 2939 901 3024 μετεβλήθησαν
929 2940 974 3015 εἰς
1001 2938 1158 3022 ὄρνεα...
1183 2942 1302 3024 (=SA
1325 2941 1556 3024 X1,271posr‚

287 3047 378 3112 duola
398 3048 450 3110 eui
470 3047 643 3122 interitum,
666 3068 756 3132 quem
776 3049 947 3112 extinctam
974 3049 1175 3134 impatienter
1198 3046 1365 3128 dolebant).
1417 3047 1505 3124 Quod
1530 3047 1557 3109 si

287 3160 392 3218 autem
428 3153 554 3218 Tuetues
589 3152 666 3216 dicit
703 3153 785 3232 πρὸς
814 3153 871 3218 rori
900 3154 1034 3217 Δαύνον
1064 3176 1134 3219 oum
1165 3156 1328 3220 scholiasta
1358 3154 1441 3217 dicat
1469 3152 1557 3232 quod

286 3258 455 3324 Diomedes
482 3258 521 3322 ab
544 3257 672 3341 Illyriis
692 3260 898 3346 interemptus
925 3270 986 3341 est,
1018 3265 1147 3326 fortasse
1176 3262 1210 3325 in
1233 3261 1349 3346 Illyriis
1372 3261 1448 3324 latet
1471 3258 1558 3323 illud

287 3368 434 3430 Daunum
445 3365 564 3447 origine
579 3365 725 3448 Illyrium
741 3367 846 3447 luisse,
867 3368 905 3433 de
920 3391 981 3453 qua
995 3390 1027 3432 ra
1043 3371 1081 3432 cf.
1100 3369 1250 3433 Wissowa
1265 3367 1346 3452 apud
1362 3365 1557 3430 Roscherum

288 3472 391 3537 Lexic.
413 3472 543 3556 mythol.
567 3473 582 3536 Ι
605 3493 633 3556 p.
656 3473 726 3536 964.

371 3577 517 3642 Extremo
556 3578 621 3643 loco
653 3600 765 3663 ponam
801 3601 851 3644 aas
883 3580 1019 3659 saboim,
1052 3602 1131 3664 quae
1162 3601 1261 3665 neque
1289 3580 1372 3663 apud
1403 3577 1557 3642 Ovidium

290 3704 390 3767 neque
411 3683 489 3748 alibi
512 3684 731 3750 inveniuntur:
1502 3677 1506 3688 ’

371 3806 417 3870 ΙΑ
437 3807 461 3886 1,
471 3805 532 3869 394
554 3806 591 3870 da
614 3807 694 3872 Aeto
715 3829 811 3893 puero
831 3807 965 3890 quodam
987 3808 1103 3873 famulo
1125 3809 1208 3874 lovis
1238 3808 1271 3871 in
1301 3808 1438 3891 aquilam
1469 3829 1557 3871 com-

452 3919 571 3977 mutato

369 4018 414 4081 IA
435 4018 530 4095 Leto
550 4019 588 4082 de
609 4021 720 4104 apibus
739 4041 777 4084 ex
799 4020 943 4084 Melissae
966 4039 1090 4104 corpore
1111 4019 1187 4084 ortis

371 4125 416 4189 lA
438 4125 462 4203 l,
472 4125 532 4190 505
555 4125 592 4190 de
616 4127 751 4191 Chelone
773 4127 806 4190 in
828 4127 1020 4191 testudinem
1042 4133 1162 4189 mutata

369 4232 411 4295 lB
442 4233 528 4311 V,48
560 4233 598 4298 de
630 4235 727 4320 Carpo
761 4245 791 4297 et
823 4234 949 4299 Calamo
978 4231 1031 4314 (de
1064 4254 1124 4316 qua
1158 4233 1262 4295 confer
1294 4233 1393 4296 Nonn.
1423 4230 1556 4316 Dionys.

450 4339 504 4420 XI,
513 4338 589 4420 370)
