3218 5172
20 449 22 468 l
74 499 178 580 Apoll.
206 498 302 561 Rhod.
333 497 373 574 ll,
386 494 479 575 1231)
510 498 668 566 exhibent.
730 501 833 565 Etiam
864 503 878 566 l
908 502 964 568 hoo
993 503 1090 566 tradit
1118 502 1187 580 sed,
1221 509 1255 566 ut
1285 525 1340 585 ego

20 551 22 668 l
77 613 166 688 puto,
200 626 258 668 non
296 605 373 668 iure.
432 606 511 670 Nam
540 607 565 670 P
593 608 686 688 dicit,
728 629 766 672 ne
796 607 949 672 Saturnus
978 629 1050 672 cum
1076 607 1206 690 Philyra
1235 609 1339 689 coiret,

686 323 726 386 53

20 767 21 788 ,
75 712 155 774 hanc
170 711 246 775 sein
263 733 374 796 equam
392 719 537 775 mutasse.
572 713 711 789 Quacum
729 714 904 778 narratione
924 714 965 778 lG
980 716 1037 792 lll,
1048 715 1087 778 93
1103 713 1191 778 aliud
1205 715 1340 780 miscens

20 845 22 910 y
75 818 284 901 adductusque
308 818 412 882 verbis
432 817 622 898 l'ergilianis
637 821 657 882 l.
677 818 696 882 l.
719 820 910 884 aduentante
928 819 993 903 Ope
1011 819 1145 902 recept-is
1167 820 1338 886 Saturnum

20 923 22 1082 y
76 933 107 986 et
130 945 159 986 se
179 933 209 988 et
225 924 385 1006 Philyram
409 923 442 986 in
460 945 554 1006 equos
576 933 712 990 mutasse
730 933 843 990 narrat.
877 925 911 989 Si
930 925 1011 989 nihil
1032 926 1119 989 aliud
1140 934 1233 1010 atque
1256 927 1336 992 hanc

77 1051 142 1092 rem
162 1031 262 1094 dicere
284 1032 299 1093 l
322 1030 355 1092 in
374 1037 479 1092 mente
504 1032 612 1104 luerat,
635 1052 673 1094 ex
696 1051 753 1094 usu
775 1051 830 1094 suo
853 1031 887 1094 in
903 1031 924 1094 S
942 1031 1079 1096 labulam
1100 1040 1167 1116 post
1189 1034 1284 1096 verba
1304 1054 1337 1096 sc

20 1189 22 1244 γ
78 1142 111 1200 in
140 1157 245 1216 equum
274 1135 457 1199 inseruisset
485 1137 620 1221 exempli
648 1133 766 1218 gratia:
797 1143 852 1200 aut
879 1138 986 1202 ambos
1016 1138 1048 1200 in
1080 1159 1184 1222 equos.
1243 1139 1289 1203 Ex
1323 1141 1337 1204 l

20 1247 21 1320 y
76 1260 175 1308 autem
199 1243 252 1306 BG
274 1240 379 1318 lll,93
406 1240 546 1304 hausisse
568 1241 693 1305 videtur
721 1251 752 1306 et
779 1265 845 1306 rem
875 1243 1011 1326 amplius
1033 1244 1234 1329 depravasse,
1265 1267 1335 1310 cum

20 1345 22 1432 l
77 1350 153 1413 (licit
173 1350 270 1432 Opem
293 1355 324 1410 et
346 1346 515 1410 Saturnum
539 1353 570 1410 et
592 1347 751 1432 Philyram
777 1349 809 1412 in
833 1370 927 1432 equos
950 1349 1225 1430 transformasse.¹)

20 1433 21 1458 ¹
156 1459 232 1519 Cum
257 1453 388 1516 Ovidius
410 1461 483 1518 met.
507 1454 561 1532 lv,
571 1455 632 1518 276
654 1455 763 1519 reddat
784 1455 859 1519 haee

374 1559 517 1640 vulgales
537 1567 622 1623 taceo
715 1561 846 1644 pastoris
867 1581 987 1624 amores

304 1665 479 1748 Daphnidis
501 1665 595 1743 Idaei,
618 1687 710 1749 quem
733 1666 870 1750 nymphe
892 1665 1020 1750 paelicis
1042 1666 1088 1730 ira

303 1771 436 1838 contulit
457 1772 491 1835 in
513 1793 632 1852 saxum,

20 1941 22 1978 ,
77 1878 114 1940 lB
146 1879 279 1956 Vlll‚68
312 1886 430 1962 praeter
459 1878 553 1956 hanc,
583 1879 634 1943 cui
664 1879 775 1943 inserit
811 1900 924 1943 nomen
954 1877 1110 1962 nymphae
1140 1877 1268 1940 Nomiae
1303 1884 1334 1940 et

20 1981 22 2020 l
79 1985 199 2066 paelicis
221 1985 421 2064 Chimaerae,
445 1984 619 2068 complures
640 1984 719 2048 alias
742 1985 934 2048 narrationes
956 1988 1065 2062 refert,
1097 2004 1175 2066 quae
1199 1982 1333 2046 nuncin

20 2035 22 2176 l
77 2111 195 2154 censum
216 2113 277 2155 non
296 2091 436 2154 veniunt.
470 2090 599 2155 Stollius
620 2092 701 2175 apud
719 2091 909 2156 Roscherum
926 2090 1026 2154 hexic.
1043 2089 1172 2174 mythol.
1195 2090 1255 2173 Ip.
1273 2089 1332 2152 957

20 2181 21 2252 l
77 2197 147 2260 haec
166 2197 311 2261 attribuit
330 2197 568 2280 antiquissimae
591 2198 713 2260 tabulae
736 2201 868 2274 lormae,
891 2218 984 2281 quam
1008 2196 1218 2260 Stesichorum
1241 2195 1332 2258 alios·

78 2323 132 2384 que
150 2325 288 2366 narrasse
310 2303 418 2366 credit.
472 2304 539 2385 Age
561 2304 731 2381 credamne,
755 2303 899 2386 quamvis
924 2303 1011 2366 nulla
1033 2303 1096 2366 alia
1117 2301 1332 2365 huiuscemodi

78 2409 192 2474 tabulae
213 2410 347 2492 vestigia
368 2410 584 2488 inveniamus,
614 2409 726 2473 Ouidio
753 2410 891 2473 tabulam
913 2409 1073 2491 vulgatam
1095 2408 1200 2471 fuisse.
1251 2408 1330 2470 Tum

79 2515 162 2579 iacile
184 2524 214 2579 et
236 2515 368 2580 Ovidius
397 2523 428 2579 et
458 2516 676 2600 compendium
700 2538 738 2580 ex
760 2517 867 2580 eodem
898 2519 980 2579 sonte
1011 2537 1133 2579 sumere
1154 2521 1331 2598 potuerunt.

153 2623 195 2686 Ex
218 2623 361 2686 versibus
384 2622 490 2686 Ovidii
513 2633 586 2687 met.
609 2623 677 2702 XV,
687 2623 748 2687 336
757 2644 801 2706 sq.

397 2735 595 2813 ,tempusque
614 2730 689 2812 fuit,
710 2749 770 2810 quo
791 2730 880 2792 navit
900 2729 936 2791 ia
955 2727 1069 2790 undo:

178 2873 181 2876 >
317 2856 403 2901 nunc
423 2837 508 2901 sedet
530 2836 660 2919 Ortygie

77 2921 103 2975 et
122 2916 174 2994 Vl,
187 2918 244 2981 108

340 2999 417 3081 fecit
437 3007 466 3064 et
487 3000 634 3064 Asterien
654 3001 765 3081 aquila
786 3001 924 3063 luctante
945 2999 1045 3064 teneri

77 3103 231 3168 concludes
253 3108 381 3170 fortasse
403 3106 516 3170 Ovidio
535 3106 666 3170 eandem
689 3113 793 3170 notam
820 3106 915 3170 fuisse
942 3104 1095 3180 fabulam,
1130 3122 1209 3185 quae
1231 3109 1331 3164 exstet

76 3208 149 3287 apud
180 3209 230 3272 SA
261 3212 317 3288 ΙΙΙ,
327 3211 367 3274 73
396 3219 485 3295 „post
514 3211 657 3274 vitiatam
687 3213 836 3275 Latonam
865 3211 1007 3295 Iuppiter
1036 3232 1105 3273 cum
1137 3209 1233 3271 etiam
1263 3207 1330 3270 eius

77 3329 202 3377 sororem
224 3316 371 3380 Asterien
395 3317 506 3380 vitiare
530 3318 640 3396 vellet,
671 3318 727 3381 illa
747 3317 866 3402 optavit
887 3339 905 3380 a
927 3317 1003 3394 diis,
1034 3325 1069 3379 ut
1091 3316 1125 3379 in
1146 3335 1236 3378 avem
1259 3335 1329 3376 con·

76 3427 255 3485 verteretur:
280 3445 429 3508 versaque
452 3425 485 3488 in
507 3425 697 3488 coturnicem
728 3431 783 3488 est.
834 3433 865 3488 et
894 3445 965 3487 oum
991 3423 1088 3488 vellet
1117 3442 1201 3486 mare
1229 3429 1330 3484 trans-

77 3524 193 3606 fretare,
217 3530 298 3611 quod
321 3538 368 3592 est
392 3531 618 3608 coturniceum,
640 3531 753 3594 adflata
774 3553 792 3594 a
814 3532 887 3594 love
916 3537 947 3592 et
969 3529 1002 3592 in
1024 3528 1160 3612 lapidem
1184 3547 1330 3590 conversa

76 3628 122 3693 diu
142 3633 199 3696 sub
224 3635 370 3699 fluctibus
393 3636 494 3700 latuit.
537 3645 642 3722 postea
658 3637 853 3721 supplicante
875 3636 943 3701 lovi
962 3637 1078 3699 Latona
1100 3634 1202 3696 levata
1223 3653 1329 3716 super-

77 3734 140 3800 leni
162 3739 252 3822 aquis
275 3741 406 3825 coepit.“

146 3845 288 3909 Asteries
325 3846 359 3909 in
389 3847 551 3930 Ortygiam
588 3855 725 3910 mutatae
761 3847 881 3931 primus
910 3845 1101 3909 mentionem
1131 3843 1205 3906 facit
1234 3842 1328 3906 Calli·

76 3952 194 4014 machus
217 3951 329 4034 hymni
359 3953 392 4016 in
414 3953 527 4018 Delum
550 3953 599 4017 37.
650 3953 757 4017 Latius
786 3975 851 4017 rem
881 3959 1015 4018 tractant
1046 3952 1172 4014 Tzetzes
1195 3949 1327 4033 Lycoph.

74 4053 139 4134 401,
169 4056 378 4141 Apollodorus
400 4060 424 4136 I,
433 4061 462 4138 4,
475 4063 505 4138 l,
534 4059 677 4144 Hyginus
699 4060 759 4123 fab.
783 4060 832 4124 53.
884 4058 945 4122 Sed
966 4058 1113 4122 Asterien
1141 4057 1271 4140 petisse,
1293 4063 1329 4119 ut

75 4169 247 4242 mutaretur,
271 4172 302 4227 et
324 4174 478 4230 mutatam
500 4188 565 4230 esse
588 4167 622 4231 iu
643 4167 779 4250 lapidem
801 4166 885 4230 solus
908 4165 929 4228 S
951 4165 1037 4228 dicit.

77 4266 262 4282 h—

132 4320 156 4390 1)
175 4323 313 4392 Philyram
331 4327 359 4378 in
379 4329 498 4380 arborem
517 4332 703 4381 commutatam
723 4343 781 4380 esse
799 4326 933 4394 Philyram
953 4325 980 4379 id
999 4328 1040 4378 est
1058 4324 1143 4378 tiliam
1162 4324 1241 4376 etiam
1256 4320 1327 4392 apud

73 4399 194 4473 Hyginum
213 4411 267 4466 fab.
287 4411 336 4466 138
354 4413 430 4483 legis.
