3218 5172
898 350 938 412 28

288 523 447 606 Alpheum
470 532 630 588 venatores
653 525 748 590 luisse
779 523 829 606 (ut
850 533 951 589 exstat
985 527 1074 589 Paus
1094 526 1132 603 V,
1143 521 1198 604 72)
1231 529 1320 606 putat
1352 525 1542 589 Woutzelius

288 630 371 714 apud
393 631 661 714 Pauly-Wissorva
681 633 696 695 Ι
718 654 747 716 p.
774 632 851 696 1635
873 633 912 696 ab
935 631 1055 710 Ovidio,
1079 637 1114 694 ut
1135 623 1261 712 legisti,
1274 635 1436 710 mutatam,
1465 633 1544 695 nude

286 737 321 800 in
343 736 459 800 scholia
481 737 630 802 Serviano
664 737 799 800 fluxisse.
851 737 910 800 Sed
943 757 1132 821 quamquam
1161 738 1278 799 factum
1301 755 1367 798 esse
1388 757 1476 820 posse
1497 737 1543 816 do,

289 863 366 924 nego
389 864 459 906 cum
481 843 615 926 quadam
636 843 752 906 maiore
773 843 874 928 specie
896 843 963 906 veri
993 863 1070 926 quas
1092 841 1279 926 respondent
1303 840 1452 906 Serviane
1473 842 1544 907 Ovi-

287 946 389 1010 dianis
418 947 475 1011 hoc
507 946 588 1025 loco,
617 947 657 1010 ad
687 947 834 1012 Ovidium
864 948 967 1032 ipsum
989 946 1098 1010 referri
1120 967 1214 1030 quam
1236 946 1297 1010 alio
1319 947 1400 1026 loco,
1431 949 1486 1012 ubi
1515 957 1545 1012 et

287 1053 483 1117 Wsntzelius
507 1059 537 1114 et
558 1052 617 1115 alii
639 1053 700 1116 viri
722 1053 803 1117 docti
827 1053 910 1116 idem
933 1060 1055 1135 negent.
1172 1056 1175 1062 ’

368 1157 575 1241 Nyctimenen
592 1157 721 1222 Ovidius
733 1167 806 1222 met.
819 1159 859 1236 ll,
872 1159 932 1222 589
945 1165 1057 1236 narrat,
1071 1178 1201 1241 quocum
1216 1158 1370 1222 consentit
1381 1158 1461 1238 SGI,
1473 1162 1544 1240 403,

286 1273 450 1350 postquam
464 1286 534 1328 cum
546 1273 633 1350 patre
648 1265 856 1342 concubuerit,
870 1266 903 1328 in
919 1287 1010 1330 avem
1027 1285 1206 1328 conversam
1222 1284 1296 1343 esse,
1309 1285 1387 1347 quae
1403 1266 1545 1329 criminis

286 1371 408 1436 conscia
424 1371 526 1434 lucem
549 1371 648 1453 fugiat
670 1378 763 1454 atque
786 1372 824 1434 ab
846 1371 992 1435 omnibus
1012 1371 1177 1434 infestetur
1199 1371 1318 1434 avibus.
1362 1371 1546 1436 Sabhorret

282 1477 382 1542 solum
396 1477 527 1540 formula
539 1480 699 1542 uoluntate
710 1477 839 1540 deornm
850 1475 884 1557 1).
908 1477 1093 1540 Admiratio
1103 1477 1185 1561 apud
1201 1477 1271 1540 S-
1282 1498 1379 1561 ,quae
1391 1485 1544 1562 protento

282 1585 416 1648 facinore
437 1585 583 1647 omnibus
605 1583 715 1647 avibus
737 1591 783 1646 est
804 1581 1023 1647 admirationi“
1047 1619 1086 1626 —
1118 1591 1200 1646 certe
1227 1583 1260 1646 in
1283 1583 1398 1647 malam
1421 1591 1544 1668 partem

281 1690 461 1774 accipienda
485 1697 531 1754 est
555 1690 588 1753 id
620 1677 877 1773 est'eontemptio
897 1690 1003 1753 odium
1033 1689 1179 1772 idemque
1208 1689 1290 1772 quod
1312 1688 1443 1752 Ovidius
1464 1689 1546 1753 dicit

283 1805 374 1875 „eta
403 1789 522 1859 cunctis
552 1795 721 1880 expellitur
748 1795 873 1858 aethere
901 1794 994 1860 toto“.
1037 1794 1132 1879 Apud
1153 1795 1314 1879 Hyginum
1344 1795 1404 1858 sab.
1429 1797 1490 1860 204
1514 1803 1547 1859 et

282 1905 316 1966 in
349 1903 466 1986 sylloge
495 1903 633 1966 Medicea
654 1901 862 1984 Nyctimenen
890 1924 908 1965 a
939 1901 1080 1966 Minerva
1110 1909 1263 1965 mutatam
1285 1901 1380 1983 legis,
1415 1901 1474 1980 hic,
1510 1903 1547 1964 in

282 2009 409 2093 sylloge,
432 2012 559 2073 tortasse
581 2009 675 2071 habes
698 2010 815 2071 fontem
837 2028 1034 2072 communem
1057 2007 1207 2071 omnium.

363 2117 445 2191 Quae
467 2115 504 2177 de
526 2114 646 2178 aconito
669 2113 752 2197 apud
774 2113 823 2176 SG
844 2115 884 2192 ll,
897 2115 953 2177 152
975 2121 1006 2176 et
1022 2113 1074 2177 PG
1091 2115 1131 2191 ll,
1144 2115 1200 2176 152
1220 2120 1351 2192 exstant,
1375 2113 1548 2176 traduntur

282 2219 378 2282 etiarn
399 2219 438 2283 ab
461 2218 581 2282 Ouidio.
623 2213 670 2280 'Ex
693 2239 804 2302 spuma
826 2218 959 2296 Cerberi,
991 2238 1084 2300 quam
1116 2218 1155 2281 ab
1177 2219 1311 2281 Hercule
1340 2219 1378 2282 ad
1412 2238 1549 2302 superos

283 2332 399 2388 tractus
422 2325 501 2404 edit,
525 2332 694 2388 nascuntur
715 2325 827 2387 herbae
849 2344 1036 2402 venenosae,
1068 2345 1162 2408 quae,
1184 2324 1331 2406 quoniam
1354 2323 1387 2387 in
1409 2324 1549 2407 rupibus

283 2431 495 2510 inveniuntur,
512 2431 640 2495 *aconita
661 2430 859 2514 appellantur
886 2428 973 2510 (met.
999 2432 1067 2509 Vll,
1084 2429 1272 2510 408—419).
1315 2431 1443 2514 Propter
1474 2430 1550 2493 lon-

280 2537 396 2618 giorem
419 2537 440 2600 S
462 2536 499 2599 de
529 2537 622 2601 verbo
645 2534 799 2598 ἀκόνιτον
822 2557 995 2614 excursum,
1024 2557 1118 2619 quem
1140 2536 1235 2599 etiarn
1258 2536 1404 2600 Ovidium
1426 2535 1552 2618 legisse

280 2664 318 2706 ex
339 2643 443 2706 verbis
466 2643 632 2724 intellegis
654 2641 694 2705 ad
716 2663 912 2706 communem
935 2645 1051 2706 fontem
1075 2642 1154 2705 hanc
1177 2641 1314 2705 tabulam
1334 2644 1456 2706 referes,

361 2749 479 2811 Harum
503 2755 620 2832 septem
645 2748 836 2826 fabularum,
867 2748 904 2811 de
936 2748 1050 2831 quibus
1077 2769 1160 2811 nunc
1192 2749 1256 2831 egi,
1289 2749 1390 2813 solum
1420 2749 1554 2812 aconiti

282 2855 420 2918 fabulam
455 2876 517 2918 non
548 2854 659 2917 Ouidio
691 2854 745 2917 sed
777 2854 844 2917 eius
877 2854 955 2917 t'onti
987 2855 1154 2932 attribues,
1195 2847 1305 2919 Ovidio
1337 2855 1403 2938 ipso
1434 2853 1555 2919 solum

278 2961 529 3044 Erysichthonis:
552 2960 689 3044 reliquas
713 2960 833 3023 fabulas
849 2960 1036 3038 Callistonis
1059 2960 1200 3038 Penthei,
1222 2960 1329 3042 Lynei,
1351 2960 1555 3040 Arethusae,

276 3067 486 3150 Nyctimenes,
509 3067 591 3130 uude
613 3067 765 3148 originem
786 3067 940 3144 duxerint,
964 3066 997 3129 iu
1019 3066 1121 3130 medio
1144 3066 1309 3149 relinques

355 3175 489 3236 Transeo
515 3194 597 3235 nunc
619 3173 658 3236 ad
679 3173 813 3235 alterum
836 3193 932 3253 genus
956 3172 1140 3250 tabularum,
1164 3192 1251 3255 quae,
1273 3173 1330 3235 etsi
1354 3173 1387 3235 in
1409 3173 1558 3238 univer—

274 3298 342 3340 sum
365 3286 535 3359 congruant
556 3299 626 3340 cum
645 3276 816 3354 Ouidianis,
840 3284 946 3341 tamen
961 3276 1112 3340 nonnulla
1131 3299 1169 3340 ex
1184 3277 1324 3360 Vergilio
1340 3291 1555 3362 receperunt.

355 3383 459 3465 Atque
487 3382 601 3446 iterum
632 3382 710 3446 facio
733 3382 862 3445 initium
884 3404 922 3444 ex
944 3383 1088 3445 Caenidis
1110 3383 1224 3461 sabula,
1255 3404 1333 3467 quae
1353 3384 1438 3467 apud
1466 3386 1557 3451 Ovi-

271 3488 360 3551 dium
380 3489 453 3552 talis
478 3497 524 3552 est
546 3487 635 3569 (met.
652 3489 722 3567 XII,
735 3488 928 3569 rsa-513):
952 3489 1119 3554 Caenidem
1144 3490 1297 3573 virginem
1319 3513 1337 3554 a
1362 3511 1395 3554 se
1410 3498 1558 3577 stupra-

271 3601 335 3656 tam
358 3595 501 3678 precibus
524 3596 591 3658 eius
614 3596 778 3679 Neptunus
800 3596 834 3658 in
853 3597 958 3659 virum
979 3599 1214 3662 transformavit
1231 3597 1320 3680 eique
1341 3597 1430 3660 dedit
1456 3600 1560 3667 ultra

271 3698 358 3762 nullo
381 3703 459 3763 t'erro
482 3701 641 3772 vulnerari
662 3721 759 3784 posse.
803 3703 886 3777 Quae
908 3710 982 3765 tunc
1004 3703 1054 3766 vir
1069 3705 1157 3782 lacta,
1183 3725 1253 3767 cum
1271 3702 1393 3766 adesset
1411 3725 1561 3789 pugnae

270 3805 476 3889 Lapitharum
502 3813 533 3869 et
555 3807 788 3885 Centaurorum,
820 3829 933 3889 magna
953 3809 1034 3871 mole
1055 3810 1200 3873 arborum
1230 3809 1339 3873 obruta
1358 3811 1561 3894 exspiravit

270 3920 301 3973 et
334 3911 368 3974 in
400 3933 490 3975 avem
520 3913 675 3975 Caeneum
710 3921 828 3976 mutata
861 3922 916 3977 est.
961 3917 1026 3992 Qua
1056 3937 1088 3978 re
1118 3916 1157 3979 ab
1188 3915 1298 3980 (lvidio
1329 3915 1380 3978 SA
1404 3918 1563 3996 V1‚448

337 4152 363 4218 1)
389 4152 509 4205 Ceterum
537 4170 627 4207 omnes
650 4157 753 4209 codices
781 4159 798 4210 S
824 4160 944 4211 scribunt
976 4160 1180 4227 ,Nyctimene“,
1208 4161 1278 4229 quod
1309 4161 1362 4213 nisi
1392 4165 1566 4240 archetypi

268 4239 370 4290 scribae
389 4239 514 4304 debetur,
539 4242 707 4294 commixtum
735 4260 792 4296 esse
810 4245 914 4296 videtur
940 4263 971 4298 ex
989 4245 1157 4312 Nyctimene,
1182 4263 1259 4314 quam
1279 4247 1391 4300 formam
1415 4252 1567 4325 Ovidius,

268 4327 294 4376 et
313 4341 345 4376 cx
364 4323 528 4392 Nyctincme,
548 4343 626 4394 quam
645 4329 704 4396 syll.
724 4331 841 4383 Medicea
859 4331 946 4385 habet.
982 4331 1020 4384 Cf.
1039 4333 1182 4384 Maassium
1200 4332 1217 4384 l.
1236 4333 1254 4384 l.
1273 4350 1299 4401 p.
1322 4333 1363 4386 15.
