3218 5172
891 306 927 367 12

272 520 276 526 ·
366 481 414 547 SB
436 481 504 560 x‚4
532 479 589 544 alii
617 479 725 545 dicunt
752 482 792 546 ad
812 483 1010 562 Arethusam,
1034 480 1205 566 nympham
1226 477 1361 558 Siciliae,
1382 478 1559 564 Alpheum

285 588 324 653 de
345 588 434 653 Elide
455 587 562 656 venire
583 608 639 672 per
660 589 767 653 maria.

367 695 417 758 PB
439 693 505 773 X,l
527 693 683 758 Arethusa
704 697 773 760 fons
794 695 828 759 in
850 693 997 758 Siciliae
1018 713 1078 779 quo
1109 712 1213 756 musas
1241 690 1366 755 videtur
1387 691 1558 773 cognomi-

285 822 374 880 nare,
408 800 554 884 quoniam
577 799 721 866 Bucolica
743 823 868 866 carmen
891 799 1032 865 Siculum
1063 798 1112 864 vel
1140 797 1287 883 quoniam
1316 796 1431 861 amoris
1454 818 1558 860 causa

285 907 442 992 Alpheus,
464 907 553 970 Pisae
580 906 709 986 fluvius,
732 929 787 994 per
808 929 892 972 mare
914 907 1051 971 delluens
1073 905 1107 970 in
1128 925 1199 969 eum
1222 903 1374 968 convenit.
1394 939 1436 946 -—
1457 905 1558 967 Hanc

283 1020 381 1078 totam
410 1012 619 1078 narrationem
641 1035 679 1077 ex
703 1014 841 1097 Vergilio
870 1013 1010 1078 hausisse
1039 1011 1205 1090 contendo,
1247 1031 1437 1096 quamquam
1460 1009 1556 1074 idern

285 1119 395 1184 Strabo
418 1120 472 1198 Vl,
484 1121 545 1186 419
568 1118 672 1198 tradit,
695 1119 892 1186 schol'iastam
920 1119 966 1184 SB
984 1119 1051 1198 Χ,4
1071 1119 1097 1181 de
1118 1118 1169 1182 PB
1188 1117 1252 1196 X,l
1275 1116 1451 1202 periphrasi
1467 1139 1555 1202 quae

286 1225 402 1290 dicitur
423 1227 610 1300 referentem
632 1226 726 1290 verba
747 1226 930 1310 Vergiliana
950 1226 979 1291 A
1002 1226 1058 1304 llI,
1069 1224 1130 1289 694
1149 1245 1216 1309 sqq.

504 1329 663 1412 Alpheum
680 1330 774 1414 famu
794 1339 838 1396 est
858 1331 919 1396 tuuc
940 1329 1048 1396 Elidis
1068 1350 1193 1394 umuem

418 1481 420 1486 -
504 1436 639 1501 occultas
659 1437 759 1520 egisse
779 1438 850 1503 mus
870 1443 981 1518 supter
1002 1457 1090 1502 mare
1107 1437 1163 1518 qui
1183 1455 1268 1500 uuuc

507 1563 569 1623 ore,
593 1545 762 1627 Arethusa,
785 1552 837 1610 tuo
858 1544 976 1610 Siculis
998 1543 1205 1627 confunditur
1226 1543 1331 1608 uudis.

368 1648 471 1714 Etiam
499 1650 533 1717 in
563 1653 699 1718 fabulam
722 1653 886 1738 Hippolyti
907 1659 981 1739 puto
1000 1652 1156 1717 nonnulla
1178 1673 1215 1715 ex
1238 1650 1377 1734 Vergilio
1401 1651 1552 1716 immixta

286 1775 361 1820 esse.
402 1756 495 1842 Apud
511 1758 561 1823 SA
585 1760 654 1839 Vll,
664 1761 723 1824 761
742 1761 842 1825 solum
858 1760 972 1842 legitur
986 1760 1114 1845 phocam
1131 1758 1274 1845 precibus
1289 1758 1398 1822 Thesei
1417 1759 1549 1823 missam

287 1881 352 1926 esse
374 1899 414 1906 —
436 1872 563 1949 excepto
594 1865 759 1930 scholiasta
780 1866 819 1930 ad
841 1865 982 1930 Persium
1008 1867 1036 1944 6,
1047 1867 1087 1930 56
1110 1874 1221 1930 vetere.
1276 1866 1385 1948 Itaque
1407 1865 1551 1950 suspicor

287 1976 561 2035 commentatorem
590 1971 727 2057 aliquem
750 1972 926 2056 Vergilium
949 1973 977 2036 A
999 1973 1141 2050 vss,780
1169 1969 1267 2052 (quod
1295 1971 1386 2036 litore
1415 1991 1550 2036 currum

287 2080 315 2138 et
333 2074 473 2140 iuuenem
490 2077 642 2142 monstris
656 2078 769 2162 pauidi
786 2077 922 2158 effudere
938 2076 1091 2158 morinis)
1113 2084 1254 2151 secutum
1270 2085 1407 2141 monstra
1425 2077 1549 2142 marina

288 2181 466 2263 induxisse,
504 2206 582 2268 quae
611 2205 799 2268 quamquam
815 2191 903 2250 recte
934 2185 1142 2268 intellegenda
1178 2190 1250 2248 sunt
1286 2190 1393 2247 taurus
1420 2205 1436 2247 e
1467 2185 1548 2248 mari

289 2280 445 2370 egressus,
479 2297 584 2355 tamen
615 2291 691 2356 falso
727 2291 846 2376 accepit
880 2298 1102 2357 commentator
1141 2290 1285 2376 phocam.
1343 2292 1441 2366 Quam
1480 2312 1548 2354 rem

288 2395 453 2460 scholiasta
487 2397 586 2462 Persii
625 2399 747 2461 firmare
788 2398 927 2477 videtur,
962 2419 1032 2462 cum
1066 2397 1143 2462 dicit
1174 2401 1210 2460 ut
1238 2396 1267 2460 ei
1292 2395 1413 2476 phocas
1441 2396 1477 2461 id
1506 2404 1551 2460 est

288 2501 399 2566 vitulos
420 2504 561 2569 moriuos
583 2505 768 2583 immitteret,
792 2504 905 2588 quibus
927 2505 1030 2570 verbis
1053 2510 1192 2569 moustru
1219 2503 1348 2567 murima
1367 2503 1549 2587 Vergiliana

288 2608 443 2694 explicare
469 2611 601 2675 videtur.
645 2613 727 2675 Haeo
749 2611 809 2676 duo
831 2611 948 2677 scholia
969 2613 996 2676 si
1015 2611 1250 2696 comparaveris
1274 2632 1335 2676 non
1358 2611 1485 2694 negabis
1508 2612 1548 2674 ad

289 2736 385 2782 unum
417 2720 534 2782 iontem
565 2719 681 2783 redire:
715 2720 796 2784 huno
826 2726 932 2784 autem
964 2724 1081 2785 iontem
1112 2720 1207 2784 etiarn
1234 2717 1335 2782 Persii
1364 2717 1548 2782 scholiastae

289 2823 548 2900 commentarium
566 2824 784 2908 Vergilianum
807 2847 873 2890 esse
895 2847 933 2890 ne
955 2825 1087 2906 mireris,
1111 2833 1232 2911 praeter
1256 2825 1349 2890 verba
1364 2823 1548 2888 scholiastae

290 2928 398 3007 Persii,
423 2950 502 3013 quae
519 2930 657 2996 scholion
678 2932 895 3015 Vergilianum
916 2933 1064 3012 redolent,
1087 2934 1336 3012 commonefacio,
1360 2953 1414 3017 per
1429 2931 1549 2996 scholia

291 3033 390 3097 Persii
419 3042 493 3118 quot
513 3036 588 3100 locis
609 3037 648 3101 ad
668 3037 844 3120 Vergilium
866 3039 1057 3124 respiciatur.

372 3142 533 3218 Praeterea
555 3143 592 3207 de
614 3143 783 3230 Hippolyto
805 3145 914 3211 Virbio
937 3146 1011 3210 hacc
1034 3146 1110 3210 dicit
1132 3145 1311 3210 scholiasta:
1345 3144 1425 3226 „Sed
1447 3143 1550 3208 Diana

290 3247 497 3332 Hippolytum
528 3259 705 3316 revocatum
735 3253 774 3318 ab
804 3253 912 3319 inferis
942 3253 976 3318 in
996 3254 1103 3318 Aricia
1133 3254 1289 3338 nymphae
1318 3250 1549 3316 commendavit

291 3353 419 3437 Egeriae
441 3355 480 3420 et'
502 3379 574 3422 eum
596 3358 758 3440 Virbium,
792 3361 880 3445 quasi
908 3361 956 3424 bis
987 3361 1091 3425 virum
1119 3361 1212 3425 iussit
1242 3357 1376 3425 vocari“.
1420 3354 1550 3438 Egeriae

291 3461 446 3546 nymphae
475 3466 725 3531 commendatum
754 3488 819 3532 esse
849 3467 1056 3553 Hippolytum
1081 3490 1119 3532 ex
1146 3469 1236 3551 Verg.
1266 3468 1296 3531 A
1319 3467 1389 3545 Vll,
1398 3465 1457 3528 761
1480 3483 1548 3546 sqq,

291 3567 411 3631 hauriri
431 3571 539 3653 potuit,
563 3593 638 3638 nam
656 3594 747 3637 nemo
769 3573 830 3637 nisi
851 3574 901 3638 hic
924 3575 1028 3639 tradit.
1072 3575 1166 3661 Apud
1188 3576 1266 3657 Hyg.
1290 3573 1350 3636 lab.
1364 3573 1423 3636 251
1448 3575 1550 3632 exstat

292 3673 499 3759 „Hippolytus
507 3677 620 3742 Thesei
635 3679 794 3744 voluntate
809 3680 936 3762 Dianae;
952 3681 1006 3765 qui
1022 3689 1127 3766 postca
1136 3681 1264 3746 Virbius
1280 3686 1326 3744 est
1343 3673 1548 3764 appellatus“.

292 3779 416 3845 Primus
437 3790 555 3864 autem,
586 3806 679 3869 quem
701 3786 828 3872 quidem
850 3789 981 3869 scimus,
1008 3790 1167 3872 Vergilius
1189 3787 1394 3873 Hippolytum
1416 3783 1550 3848 eundem

291 3905 357 3949 esse
385 3892 477 3970 atque
506 3889 654 3957 Virbium
683 3895 842 3958 contendit
871 3897 1081 3976 A·Vll,774:
1123 3902 1174 3976 „at
1206 3894 1314 3960 Trivia
1343 3890 1550 3976 Hippolytum

291 3992 366 4074 (769
399 3994 529 4060 Paeonis
567 4007 746 4065 revocatum
776 4001 880 4066 herbis
919 4010 950 4066 et
987 4023 1090 4068 amore
1123 3999 1262 4082 Dianae)
1303 3997 1428 4064 secretis
1466 3995 1550 4060 alma

293 4099 432 4163 recondit
478 4101 603 4168 sedibus
641 4114 671 4170 et
707 4110 863 4194 nymphae
900 4109 1028 4194 Egeriae
1066 4109 1247 4194 nemorique
1290 4108 1421 4190 relegat,
1466 4104 1550 4167 solus

291 4203 347 4268 ubi
374 4203 408 4269 in
438 4207 529 4274 silvis
559 4212 647 4278 Italis
670 4215 817 4298 ignobilis
839 4239 951 4282 aevum
989 4217 1126 4301 exigeret
1162 4235 1312 4300 versoque
1341 4211 1396 4277 ubi
1425 4210 1551 4276 nomine

293 4323 421 4399 Virbius
443 4332 551 4394 esset“,
